3300 5042
368 564 709 631 subaudito
752 566 1061 632 vocabulo
1112 565 1476 650 ,oppidum‘.
1544 567 1602 628 A
1642 563 1810 629 virili
1866 568 2033 631 certe
2082 583 2318 648 genere
2365 563 2430 630 in
2477 564 2722 630 urbium
2849 556 2856 564 ’

367 667 732 733 nominibus
763 667 1053 732 'Romani
1115 666 1590 731 abhorruerunt.
1675 665 1922 730 Deinde
1980 664 2282 730 nonnulla
2345 666 2723 731 montium
2787 663 2792 670 ’

368 768 631 832 nomina
674 767 997 850 feminina,
1042 787 1083 832 a
1114 767 1377 832 Graecis
1420 765 1812 850 deprompta,
1856 766 2060 852 primo
2099 785 2298 849 genus
2341 765 2723 851 primitivum

367 868 741 950 tuebantur,
810 874 1036 952 postea
1098 868 1181 932 ad
1237 867 1538 934 montium
1600 865 1967 933 Latinorum
2031 866 2501 933 similitudinem
2562 867 2724 932 inter

367 968 822 1034 masculina
864 970 1067 1034 relata
1108 973 1270 1034 sunt.
1356 966 1541 1032 Velut
1580 967 1786 1033 Aetna
1827 967 1975 1034 fem.
2018 966 2166 1033 inde
2209 985 2249 1032 a
2277 965 2580 1033 Cicerone
2620 986 2722 1033 us·

370 1087 487 1152 que
536 1068 625 1134 ad
668 1067 958 1150 Statium,
1001 1087 1195 1136 masc.
1224 1087 1327 1152 ap.
1358 1067 1662 1133 Solinum.
1707 1066 1786 1135 cf.
1830 1067 1989 1134 Neu.
2021 1067 2171 1149 6383
2219 1067 2373 1133 Ossa
2413 1068 2558 1133 fem.
2601 1067 2721 1132 Ov.

369 1169 485 1252 bis,
533 1170 649 1236 alii
693 1160 889 1252 usque
932 1169 1016 1234 ad
1060 1169 1370 1247 Statium„
1412 1187 1608 1235 masc.
1654 1168 1801 1254 Ov.;
1867 1167 2021 1234 Oeta
2068 1168 2212 1233 fem.
2257 1187 2298 1232 a
2341 1167 2570 1233 Culicis
2613 1185 2720 1232 au-

364 1275 499 1336 tore
546 1289 748 1353 nsque
808 1270 890 1336 ad
933 1269 1223 1351 Statium,
1282 1288 1477 1335 masc.
1539 1268 1658 1340 Qv,
1701 1269 1835 1350 bis,
1881 1268 2211 1335 claudian.

531 1371 670 1436 Sed
707 1370 845 1454 jam
889 1388 1231 1454 pergamus
1272 1369 1355 1434 ad
1396 1370 1751 1454 posteriora
1779 1376 2084 1454 tempora.
2144 1371 2234 1435 Ac
2275 1369 2542 1453 primum
2588 1365 2720 1450 qui·

365 1469 510 1536 dem
554 1471 888 1537 videamus
931 1470 1011 1535 de
1054 1470 1135 1536 iis
1178 1470 1503 1555 bestiis,
1546 1491 1708 1554 quae
1752 1490 2036 1556 semper,
2103 1470 2278 1536 nulla
2317 1469 2567 1554 generis
2609 1487 2722 1533 na-

364 1573 590 1638 turalis
632 1573 875 1638 ratione
920 1571 1171 1653 habita,
1215 1589 1341 1636 uno
1384 1579 1724 1656 usurpatae
1769 1576 1913 1637 sunt
1953 1590 2203 1654 genere.
2290 1570 2390 1635 Ex
2431 1569 2530 1634 his
2557 1568 2720 1636 aliae

366 1691 405 1736 a
447 1672 756 1738 feminino
800 1670 882 1736 ad
938 1671 1388 1751 masculinum,
1458 1672 1625 1738 aliae
1689 1672 1772 1738 ab
1823 1670 1947 1737 boc
2003 1669 2085 1736 ad
2127 1670 2283 1736 illud
2324 1669 2720 1735 transierunt.

365 1771 868 1856 Significationis
913 1778 1123 1836 autem
1171 1771 1274 1836 hic
1320 1773 1597 1855 aliquam
1643 1772 1839 1838 fuisse
1893 1771 2048 1853 vim,
2117 1777 2180 1836 et
2233 1771 2288 1835 si
2343 1771 2594 1837 fabulas
2640 1771 2720 1837 de

360 1871 587 1938 bestiis
630 1872 811 1938 fictas
855 1879 916 1938 et
958 1873 1011 1949 si
1053 1873 1237 1938 ludos
1278 1873 1556 1958 pueriles
1600 1872 1992 1959 respicimus,
2034 1871 2319 1939 videmur
2351 1872 2534 1937 nobis
2559 1872 2719 1938 veri-

365 1972 657 2040 similiter
685 1973 1003 2054 conieere3
1051 1979 1278 2038 natura
1307 1972 1474 2038 enim
1500 1992 1713 2038 secum
1748 1973 1888 2056 fert,
1921 1979 1990 2038 ut
2013 1973 2308 2056 omnium,
2351 1973 2721 2056 quibuscum

363 2072 428 2138 in
460 2075 599 2139 vita
640 2075 1065 2154 convenimus,
1111 2073 1271 2139 nihil
1311 2073 1517 2158 magis
1559 2093 1747 2157 quam
1788 2074 2024 2140 bestias
2068 2075 2424 2140 bominibus
2467 2092 2720 2156 compa-

365 2193 598 2240 remus.
683 2159 895 2252 Quare
938 2175 991 2238 si
1034 2193 1115 2238 ne
1159 2173 1262 2239 hic
1305 2173 1556 2257 quidem
1599 2174 1665 2238 in
1708 2174 1943 2260 linguis
1987 2175 2350 2240 Romanicis
2390 2173 2552 2238 ratio
2589 2173 2720 2258 ple-

365 2293 629 2359 rumque
675 2276 1064 2358 aliquantum
1115 2276 1387 2356 valeret,
1450 2275 1642 2340 ullam
1689 2274 2170 2360 significationis
2210 2275 2405 2341 fuisse
2447 2273 2573 2340 vim
2615 2293 2720 2339 ne-

366 2395 683 2459 garemus.
752 2377 908 2443 Cum
950 2378 1142 2462 igitur
1185 2377 1249 2441 in
1296 2377 1418 2443 bac
1443 2383 1643 2460 parte,
1689 2384 1991 2459 quantum
2021 2375 2402 2460 significatio
2429 2375 2718 2455 valuerit,

371 2477 716 2544 clarissime
759 2485 1087 2563 appareat,
1130 2497 1339 2563 pauca
1381 2477 1673 2562 exempla
1717 2477 2070 2544 afferemus.

530 2577 833 2664 Aquila
884 2578 1107 2663 igitur,
1172 2579 1341 2662 quod
1386 2578 1752 2644 Priscianus
1798 2599 1936 2646 cum
1981 2579 2382 2664 appositione
2426 2577 2718 2661 conjunc-

373 2685 497 2744 tum
542 2678 889 2744 masculine
931 2699 1178 2764 quoque
1219 2679 1347 2762 legi
1376 2679 1716 2760 contendit,
1763 2678 1846 2743 ad
1870 2678 2337 2744 similitudinem
2374 2685 2720 2744 ceterarum

375 2781 693 2894 rapacium
726 2780 934 2846 avium
961 2780 1398 2864 Francogallis
1422 2779 1838 2846 masculinum
1884 2779 2118 2845 factum
2161 2787 2224 2846 et
2265 2781 2518 2846 omnino
2549 2779 2722 2864 regis

381 2879 578 2944 avium
622 2880 943 2963 majestati
988 2887 1051 2946 et
1095 2879 1304 2946 robori
1349 2880 1530 2946 virile
1574 2879 1784 2964 potius
1827 2899 2028 2964 genus
2072 2880 2364 2946 idoneum
2407 2886 2522 2946 est.

537 2979 735 3044 Simili
778 2980 967 3045 modo
1013 2981 1418 3064 Francogalli
1462 3000 1577 3065 pro
1623 2981 1769 3046 fem.
1814 2982 2030 3066 lynx,
2096 2981 2265 3064 quod
2307 2980 2720 3046 masculinum

389 3079 585 3142 tamen
622 3080 926 3146 Priscian.
976 3100 1057 3147 ex
1096 3081 1316 3146 Horat.
1376 3080 1590 3161 affert,
1649 3083 1729 3160 ,le
1774 3080 1951 3164 lynx‘
1997 3081 2215 3165 (prisc.
2253 3097 2459 3165 germ.
2506 3081 2719 3164 ,luhs‘)

384 3174 615 3254 dicunt,
666 3181 938 3265 primum
979 3181 1146 3264 quod
1192 3180 1338 3247 aliis
1395 3181 1667 3246 ferarum
1727 3181 2070 3247 bestiarum
2118 3183 2492 3251 ,nominibus
2553 3201 2721 3248 mas-

378 3277 594 3344 culinis
636 3287 919 3363 utuntur,
967 3281 1196 3346 deinde
1237 3281 1387 3364 quia
1429 3281 1612 3347 huius
1646 3281 1889 3347 bestiae
1932 3282 2104 3348 acies
2151 3284 2502 3366 oculorum,
2558 3302 2721 3366 quae

370 3379 527 3444 viris
567 3381 912 3467 praecipue
956 3382 1213 3447 attribui
1256 3381 1437 3460 solet,
1484 3381 1757 3446 maxime
1794 3381 2048 3448 fabellis
2081 3382 2456 3449 celebratur.
2522 3384 2620 3449 Ab
2644 3403 2721 3450 eo

370 3479 537 3562 quod
581 3487 679 3548 est
721 3483 977 3567 talpa,
1026 3482 1194 3566 quod
1235 3501 1430 3548 masc.
1473 3481 1582 3547 uni
1606 3480 1890 3565 Vergilio
1933 3503 2150 3567 georg.
2197 3486 2255 3566 1,
2298 3483 2430 3551 183*
2462 3490 2578 3564 est,
2622 3503 2718 3548 or-

368 3585 500 3645 tum
542 3581 795 3660 ,talbus‘
839 3581 919 3648 de
960 3582 1153 3647 muris
1198 3601 1430 3666 genere
1475 3582 1540 3646 in
1591 3581 1831 3648 Vocab.
1878 3582 2072 3666 Sang.
2116 3583 2364 3667 legitur.
2432 3584 2590 3651 Inde
2632 3585 2720 3665 it.,

364 3679 531 3764 hisp.
573 3685 769 3766 ,topo‘
810 3682 889 3749 de
933 3682 1127 3766 glire3
1190 3702 1225 3747 e
1281 3683 1595 3750 contrario
1638 3703 1754 3768 pro
1798 3703 1992 3750 masc.
2037 3705 2272 3750 sorex
2313 3684 2721 3769 Francogalli

362 3800 404 3847 a
445 3780 671 3864 priscis
716 3783 1102 3867 temporibus
1143 3785 1229 3866 ,la
1272 3784 1500 3851 souris‘
1541 3785 1652 3868 (,le
1674 3783 1902 3850 souris‘
1925 3784 2041 3850 das
2063 3785 2342 3869 lacheln)
2366 3786 2610 3866 dicunt,
2654 3792 2721 3851 ut

360 3901 501 3948 mus
553 3903 825 3948 araneus
897 3884 962 3948 in
1031 3883 1353 3968 plerisque
1423 3883 1656 3968 linguis
1731 3884 2090 3950 Romanicis
2163 3886 2528 3951 femininum
2603 3894 2718 3952 est.

357 3982 551 4047 Illam
593 3981 789 4066 igitur
834 3983 1103 4049 bestiam
1146 3990 1209 4050 et
1252 3984 1395 4068 plus
1438 3985 1666 4051 robore
1710 3985 2024 4051 valentem
2069 3992 2132 4051 et
2175 3984 2530 4052 hominibus
2573 3985 2719 4071 plus

356 4089 696 4149 nocentem
739 4084 1135 4165 masculinis,
1178 4083 1650 4150 imbecilliorem
1697 4085 1861 4151 hanc
1902 4085 2222 4153 femininis
2263 4085 2657 4152 addiderunt.

533 4183 718 4261 Quod
752 4185 996 4267 pulex
1037 4204 1078 4249 a
1118 4185 1559 4268 Franeogallis
1602 4191 1805 4271 ,puce‘
1851 4185 1997 4251 fem.
2039 4187 2374 4271 profertur,
2418 4205 2544 4252 non
2589 4192 2718 4251 tam

363 4283 832 4367 significatione
875 4284 1122 4350 videtur
1169 4305 1311 4350 esse
1355 4285 1666 4369 effectum,
1711 4306 1902 4369 quam
1936 4288 2158 4354 forma.
2242 4287 2519 4352 Primum
2553 4285 2719 4353 enim

362 4389 568 4468 ,puce‘
613 4385 679 4451 in
722 4385 1005 4452 vocalem
1052 4390 1129 4463 ,e‘
1172 4405 1329 4452 sono
1374 4393 1693 4452 carentem
1737 4386 1898 4468 exit,
1958 4387 2188 4453 deinde
2241 4388 2570 4475 complura
2610 4408 2720 4453 no·

363 4482 541 4559 mina
584 4484 649 4552 in
695 4489 829 4572 ,ex‘
872 4505 907 4552 e
951 4486 1316 4561 masculinis
1359 4487 1664 4560 feminina
1706 4488 1878 4558 facta
1921 4493 2082 4570 sunt,
2126 4488 2299 4555 velut
2333 4492 2532 4574 ,grex‘
2572 4489 2720 4556 inde
