3300 5042
1534 313 1946 380 ..44-

568 493 839 578 denique
881 491 1046 577 ,flos‘
1088 491 1524 579 Francogallis
1568 494 1937 560 femininum
1979 501 2095 578 est,
2151 497 2386 582 optime
2429 516 2572 562 cum
2623 495 2916 564 vocabuli

565 595 820 661 notione
864 593 1173 661 convenit.

729 695 1015 777 Denique
1048 713 1629 779 commemoramuS,
1674 702 1969 778 quattuor
2014 698 2199 762 anni
2241 703 2597 781 tempora
2640 697 2915 763 Franco·

566 796 755 880 gallis
820 816 945 861 non
1010 797 1247 878 minue,
1308 815 1497 880 quam
1552 796 1737 862 nobis
1792 797 1856 861 in
1913 798 2132 881 lingua
2185 796 2524 863 vernacula
2565 797 2918 863 masculina

567 916 729 963 esse.
812 895 978 961 Nam
1019 897 1123 961 vel
1166 914 1245 960 ex
1288 914 1363 962 eo
1408 897 1575 979 quod
1620 904 1718 962 est
1747 904 1951 964 aestas
1982 918 2023 963 a
2051 897 2522 982 FrancogalliS,
2570 917 2710 962 cum
2753 903 2915 964 cete·

565 1016 772 1064 rorum
818 997 966 1060 anni
1009 1001 1362 1081 temporum
1405 997 1875 1064 similitudinem
1907 1005 2334 1082 sequerentur,
2375 997 2608 1063 factum
2646 1003 2743 1062 est
2769 1001 2912 1081 ‚ete‘

564 1097 913 1163 masculino
934 1115 1187 1180 genere.
1248 1095 1452 1164 Unum
1476 1102 1834 1163 autumni
1863 1099 2237 1164 vocabulum
2264 1100 2616 1183 (automne)
2642 1113 2916 1164 commu-

560 1199 661 1264 nis
692 1204 791 1264 est
830 1195 1104 1280 geneda,
1149 1203 1213 1262 et
1234 1202 1402 1263 certe
1429 1198 1590 1264 haec
1611 1207 1809 1281 actae,
1856 1199 2088 1283 quippe
2112 1219 2274 1283 quae
2298 1205 2503 1265 terrae
2529 1198 2748 1282 fruges
2769 1219 2914 1283 pro·

548 1297 756 1382 serat,
817 1297 1092 1363 maxime
1135 1297 1435 1364 feminino
1480 1306 1576 1365 est
1617 1301 1835 1383 generi
1879 1307 2048 1384 apta.
2137 1300 2228 1366 1⁴30
2271 1299 2525 1366 facilius
2571 1305 2781 1365 autem
2822 1299 2915 1365 fe-

561 1398 864 1464 mininum
906 1403 1117 1482 potest
1156 1399 1492 1483 explicari,
1538 1419 1678 1465 cum
1713 1401 1851 1484 jam
1895 1402 1959 1466 in
2001 1401 2216 1486 prisca
2259 1401 2479 1484 lingua
2521 1397 2752 1465 Latina
2793 1399 2916 1466 hoc

560 1518 789 1564 nomen
831 1518 1032 1582 genus
1073 1506 1359 1565 neutrum
1405 1499 1762 1567 adsciverit.
1848 1502 1946 1566 De
2006 1519 2082 1567 eo
2141 1501 2310 1584 quod
2353 1508 2450 1568 est
2490 1500 2782 1586 ,hiemps‘
2827 1499 2910 1568 cf.

490 1643 505 1662 .
560 1620 624 1685 p.
667 1600 767 1668 32.
812 1599 1206 1683 ‚hibernus
1246 1597 1508 1684 grandis
1552 1607 1615 1668 et
1658 1601 1874 1668 durus‘
1917 1602 2024 1686 (fr.
2068 1601 2274 1687 hiver)
2336 1603 2562 1668 Annal.
2606 1600 2912 1667 Lauresh.

562 1721 619 1768 a.
664 1699 805 1770 764.

724 1801 935 1867 Unum
1000 1801 1190 1867 etiam
1254 1802 1628 1868 vocabulum
1691 1803 1776 1866 ad
1839 1803 2098 1869 alterius
2151 1802 2376 1868 similis
2429 1800 2914 1886 significationis

561 1901 737 1969 vocis
779 1921 981 1986 genus
1023 1901 1280 1986 aliquod
1322 1909 1704 1968 momentum
1747 1903 1974 1984 attulit,
2017 1910 2089 1968 ut
2127 1909 2296 1968 sort
2337 1902 2777 1987 Francogallis
2825 1902 2910 1968 ad

560 2001 1030 2068 similitudinem
1072 2002 1366 2069 vocabuli
1408 2002 1663 2086 ,destin‘
1702 2003 2052 2070 masculino
2095 2010 2193 2070 est
2235 2023 2488 2088 genere.
