3300 5042
1412 399 1828 463 ..11—

596 577 941 642 Praeterea
993 575 1079 640 ad
1131 595 1373 659 genera
1428 578 1744 644 varianda
1793 577 2012 662 magni
2065 577 2366 643 momenti
2409 581 2582 658 crat,
2633 574 2804 659 quod

430 677 762 743 vocales
820 676 897 741 in
956 675 1123 741 fine
1165 677 1498 743 verborum
1545 685 1810 744 accentu
1853 683 2176 758 carenteS,
2233 697 2371 743 cum
2417 675 2802 742 enuntiando

431 775 641 860 magis
686 776 853 840 aliae
898 776 1043 841 aliis
1090 777 1751 860 accommodarentur,
1798 778 1986 844 facile
2029 779 2194 843 inter
2235 797 2304 843 se
2346 777 2801 842 misceban-

431 884 576 943 tur.
663 877 749 942 Ut
790 897 821 942 ο
873 883 939 941 et
988 896 1129 960 pro
1172 897 1207 941 a
1258 879 1501 961 primae
1562 878 2006 945 declinationis
2062 885 2124 945 et
2179 898 2296 962 pro
2349 897 2390 944 a
2441 883 2803 942 neutrorum

434 977 772 1064 pluralium
824 995 1023 1060 saepe
1064 977 1129 1041 in
1185 977 1509 1042 codicibus
1553 978 1734 1044 initio
1787 978 1978 1044 medii
2023 978 2165 1044 aevi
2222 977 2561 1057 confectis,
2618 995 2804 1061 prae-

439 1077 615 1162 cipue
659 1077 722 1142 in
750 1076 968 1142 codice
998 1076 1475 1142 Glarimontano
1511 1078 1939 1162 Epistolarum
1967 1079 2169 1159 Pauli,
2214 1084 2394 1143 sexto
2438 1077 2696 1143 saeculo
2736 1075 2805 1143 in

433 1177 655 1243 Africa
689 1178 1069 1261 conscripto,
1110 1177 1381 1242 inveniri
1404 1177 1926 1262 Schuchardtius,
1951 1179 2348 1245 Vocalismus
2375 1179 2490 1244 des
2511 1178 2801 1261 vulgaer-

432 1279 665 1346 lateins
704 1279 739 1344 I
779 1297 842 1361 p.
890 1277 1013 1345 169
1055 1296 1151 1360 sq.
1195 1282 1490 1344 accurate
1533 1279 2008 1345 demonstravit.

598 1377 1029 1444 Pracsertimi
1072 1376 1506 1460 antecedente,
1550 1397 1591 1442 a
1634 1383 1698 1444 et
1723 1399 1762 1444 o
1804 1379 1968 1446 inter
2012 1399 2084 1445 se
2127 1379 2326 1444 mixta
2359 1384 2504 1444 sunt
2545 1397 2624 1444 ac
2666 1397 2806 1444 sae-

432 1480 577 1564 pius
618 1497 659 1542 a
704 1479 769 1542 in
814 1498 853 1543 o
898 1484 1347 1543 commutatum
1394 1486 1508 1544 est.
1589 1479 1795 1558 Velut,
1841 1480 2144 1546 alimonio
2187 1485 2476 1564 excepte,
2519 1477 2706 1562 quod,
2749 1478 2807 1543 si

438 1579 687 1662 quidem
711 1587 882 1644 recte
912 1579 1128 1643 titulus
1164 1578 1271 1643 ille
1295 1577 1554 1644 fabulae
1576 1579 1806 1644 Naevii
1831 1600 1872 1644 a
1893 1580 2147 1644 Donato
2171 1580 2255 1645 ad
2280 1581 2425 1646 Ter.
2448 1578 2722 1664 Adelph.
2745 1582 2808 1662 4,

438 1682 510 1762 1,
548 1681 625 1748 21
685 1679 953 1744 traditus
997 1686 1125 1760 est,
1183 1698 1218 1743 e
1262 1683 1483 1744 neutro
1544 1679 1609 1742 in
1661 1679 2028 1745 femininum
2081 1678 2230 1744 inde
2285 1699 2326 1744 a
2370 1681 2653 1745 Varrone
2709 1685 2810 1745 est

436 1799 841 1859 conversum,
884 1779 1147 1844 monia
1189 1778 1395 1844 exitus
1438 1780 1651 1863 prisca
1695 1788 1937 1860 aetate,
1993 1780 2268 1845 monium
2311 1779 2665 1864 posteriore
2711 1785 2810 1845 est

434 1880 779 1965 praelatus.
865 1879 1055 1945 Velut
1098 1881 1523 1965 aym'mom‘um
1564 1881 1833 1963 primum
1891 1880 1954 1945 in
1998 1881 2197 1962 Itala,
2251 1883 2702 1945 caerimoniam
2741 1880 2808 1943 in

432 1979 844 2061 inscriptione
889 1998 991 2062 ap.
1020 1978 1218 2045 Orelli
1245 1979 1431 2062 3188,
1470 1983 1926 2065 querimoniam
1968 2002 2072 2067 ap.
2095 1981 2473 2047 Venantium
2502 1980 2806 2044 Fortuna*

434 2088 585 2161 tum,
630 2081 1115 2145 sanctimonium
1156 2099 1261 2162 ap.
1308 2080 1750 2164 Aug-ustitiam,
1795 2084 2239 2148 tristimoniam
2279 2099 2380 2164 ap.
2427 2080 2810 2162 Petronium,

436 2183 857 2247 acrimoniam
894 2181 959 2244 in
1005 2180 1104 2246 (31.
1150 2181 1469 2264 Amplon.,
1506 2184 1968 2265 pai-simonium
2010 2183 2074 2248 in
2119 2181 2268 2247 Vita
2292 2181 2596 2246 Anskarii
2641 2180 2811 2245 Mon.

412 2283 513 2370 ,6.
556 2282 622 2348 S.
664 2283 751 2347 Π.
830 2281 1075 2346 Eodem
1118 2281 1311 2348 modo
1368 2281 1545 2346 nulla
1602 2282 1918 2347 vocabula
1961 2282 2211 2348 Graeca
2265 2282 2331 2346 in
2377 2282 2482 2359 ,ia‘
2531 2281 2596 2346 in
2640 2281 2813 2365 ,ium‘

436 2389 664 2468 postea
706 2380 1015 2447 exierunt.
1747 2433 1752 2438 .

602 2481 852 2550 Deinde
896 2483 981 2548 ab
1022 2482 1203 2548 initio
1246 2482 1484 2548 saeculi
1531 2482 1739 2563 quarti
1779 2484 1801 2548 i
1842 2503 1977 2566 pro
2020 2503 2088 2548 ae
2129 2483 2194 2547 in
2248 2481 2544 2565 genetivo
2589 2487 2653 2546 et
2701 2480 2812 2545 da-

436 2585 567 2651 tivo
600 2583 948 2668 singularis
984 2583 1227 2668 primae
1254 2583 1620 2663 frequenter
1648 2582 1951 2667 scriptum
1982 2583 2315 2662 invenitur,
2360 2581 2526 2647 unde
2569 2600 2650 2646 ne
2691 2581 2811 2646 has

436 2685 691 2768 quidem
750 2685 1009 2750 vocales
1074 2681 1461 2749 enuntiando
1524 2682 1802 2749 dilucide
1861 2681 2192 2748 distinctas
2254 2700 2394 2747 esse
2452 2686 2662 2766 patet,
2726 2681 2810 2747 cf.

438 2785 715 2852 Schuch.
760 2789 833 2867 1,
876 2785 1019 2852 475.
1106 2782 1371 2849 Accedit
1411 2782 1611 2866 quod,
1659 2783 1986 2849 vocalibus
2032 2804 2062 2850 o
2105 2789 2182 2850 et
2221 2803 2260 2848 u
2301 2783 2658 2866 promiscue
2700 2801 2811 2865 po-

440 2886 603 2967 sitia,
648 2891 875 2966 quarta
908 2905 948 2949 a
990 2882 1273 2949 secunda
1305 2883 1732 2948 declinatione
1764 2883 1828 2947 in
1861 2883 2182 2967 plerisque
2217 2881 2470 2949 casibus
2505 2882 2642 2965 jam
2683 2900 2811 2947 non

446 2991 587 3049 erat
636 2990 961 3066 separata,
1020 2983 1199 3050 cuius
1260 2981 1651 3048 confusionis
1710 2983 2059 3066 primordia
2123 2983 2292 3068 apud
2347 2981 2811 3048 vetustissimos

444 3083 868 3146 Romanorum
911 3091 1135 3168 poetas
1180 3089 1243 3148 et
1287 3087 1575 3148 oratores
1617 3083 1887 3148 inveniri
1937 3104 2016 3149 ex
2055 3084 2262 3149 Nouio
2305 3085 2336 3148 I
2379 3086 2438 3163 ξ.
2482 3082 2566 3150 93
2608 3101 2703 3165 sq.
2749 3087 2813 3147 et

442 3185 505 3264 g.
556 3183 677 3250 122
717 3185 1177 3266 cognoscimus.
1246 3184 1343 3248 De
1385 3202 1513 3265 qua
1553 3203 1622 3248 re
1667 3188 1736 3247 ut
1777 3183 2096 3267 copiosius
2130 3203 2342 3267 agam,
2385 3182 2684 3265 quoniam
2728 3181 2812 3247 ad

438 3301 682 3367 genera
722 3282 921 3351 mixta
963 3305 1090 3350 non
1136 3284 1394 3349 multum
1440 3282 1684 3362 attinet,
1729 3301 1770 3346 a
1810 3284 2138 3367 proposito
2180 3303 2322 3348 meo
2365 3283 2570 3348 abest.

616 3383 749 3449 Sed
813 3383 938 3450 hoc
998 3404 1124 3449 non
1188 3381 1441 3449 silentio
1502 3383 2127 3466 praetermittendum
2195 3381 2554 3450 existimavi
2615 3382 2812 3447 multo

440 3485 747 3568 majorem
802 3503 1028 3551 vocum
1092 3503 1418 3549 numerum
1484 3503 1525 3548 a
1574 3483 1823 3547 tertia
1889 3482 2446 3549 declinatione
2503 3481 2598 3547 ad
2654 3481 2810 3566 pri·

440 3602 633 3648 mam
678 3590 751 3649 et
794 3585 1169 3665 alteram,
1207 3603 1399 3666 quam
1427 3584 1509 3648 ab
1543 3583 1641 3648 his
1673 3583 1758 3647 ad
1801 3582 1975 3651 illam
2005 3585 2375 3650 translatum
2409 3603 2570 3649 esse.
2624 3582 2811 3662 Quod

440 3683 667 3748 eadem
710 3683 792 3749 de
836 3703 1033 3750 causa
1072 3685 1306 3750 factum
1352 3692 1476 3767 est,
1534 3703 1662 3767 qua
1718 3684 1915 3749 multa
1955 3685 2154 3749 verba
2198 3704 2238 3748 a
2276 3685 2466 3749 tertia
2508 3689 2812 3766 conjuga-

439 3781 612 3848 tione
657 3782 741 3848 ad
784 3783 1054 3866 primam
1097 3782 1243 3851 su'nt
1285 3784 1552 3850 deflexa.
1622 3784 1790 3848 Nam
1833 3803 1912 3849 ue
1955 3785 2088 3850 ulla
2129 3784 2336 3850 forma
2377 3803 2677 3868 magnam
2719 3785 2812 3849 lo·-

444 3882 780 3964 quentibus
845 3883 1283 3952 difficultatem
1344 3884 1710 3968 praeberet,
1773 3883 2229 3950 deflorescente
2295 3883 2516 3967 ling-'ua
2583 3882 2814 3948 Latina

442 3983 717 4048 maxime
740 3985 1030 4050 homines
1072 3984 1440 4064 studebant3
1486 3983 1840 4048 faciliorem
1875 3992 2085 4050 autem
2130 4003 2272 4051 esse
2316 3983 2584 4068 primam
2621 4001 2810 4065 quam

440 4083 696 4148 tertiam
749 4082 1238 4150 declinationem
1281 4083 1366 4148 ad
1421 4081 1850 4148 adhibendum
1895 4090 2086 4166 atque
2139 4084 2207 4148 in
2248 4084 2454 4168 prima
2496 4087 2560 4147 et
2611 4082 2815 4147 altera

442 4181 867 4250 declinatione
893 4203 1133 4267 genera
1176 4184 1399 4249 melius
1430 4182 1742 4266 dignosci,
1786 4183 1927 4265 quis
1957 4189 2053 4249 est
2091 4183 2198 4266 qui
2227 4183 2515 4249 nesciat?
2571 4181 2812 4249 Italicis

434 4287 653 4346 autem
668 4298 715 4365 ,·
751 4283 1091 4368 Hispanis,
1154 4283 1473 4350 Lusitanis
1536 4283 1852 4349 vocalium
1921 4303 1962 4348 a
2023 4288 2086 4348 et
2153 4304 2190 4349 o
2263 4302 2522 4348 suavem
2585 4300 2811 4347 sonum

368 4411 373 4418 ·
444 4383 719 4450 maxime
762 4385 1053 4469 placere,
1112 4403 1192 4450 ex
1235 4383 1360 4463 eis,
1416 4383 1644 4468 quibus
1690 4382 1883 4448 hodie
1923 4387 2210 4466 utuntur,
2265 4382 2502 4466 linguis
2545 4401 2812 4467 cognos-

444 4500 664 4549 cimus.
