3300 5042
1544 305 1945 374 ...34-

578 488 965 570 ,obtinentia‘
981 486 1283 554 Priscian.
1308 485 1723 570 ,sustinentia‘
1736 487 1922 570 Vulg.
1937 486 2210 566 ,aientia‘
2225 486 2516 552 Martian.
2535 487 2691 572 Cap.
2709 505 2911 573 ,prae-

578 589 886 656 cedentia‘
930 587 1290 655 cassiodor.
1334 588 1658 668 ,carentia‘
1702 586 1926 654 Boeth.
1969 586 2332 668 ,audientia‘
2365 586 2609 652 Ennod.
2642 591 2914 669 ,exstan-

576 689 684 756 tia‘
725 690 921 756 Beda.
965 687 1400 774 ‚subsidentia‘
1444 688 1632 754 idem.
1677 687 2034 767 ,adstantia‘
2077 687 2285 754 Gloss.
2331 707 2435 772 ap.
2459 688 2640 754 Fore.
2685 688 2916 769 ,vican-

575 789 686 856 tia‘
729 789 842 854 ch.
884 789 1016 854 ital.
1061 809 1119 854 a.
1167 788 1351 857 1190.
1398 787 1764 871 ‚credentia‘
1807 787 1921 852 Oh.
1968 788 2101 853 ital.
2145 807 2208 853 a.
2252 788 2432 856 1194.

739 890 809 957 Si
841 896 1019 955 tanta
1050 895 1147 954 est
1167 888 1271 954 vel
1296 889 1499 954 exitus
1542 887 1989 954 vocabulorum
2019 888 2136 971 vis,
2180 886 2312 955 fieri
2344 909 2470 954 non
2502 887 2723 973 potuit,
2764 887 2918 970 quin

574 990 971 1056 vocabula
1034 988 1445 1074 simplicia
1501 989 1598 1054 ad
1651 1008 1901 1072 genus
1968 989 2595 1072 compositorum
2655 989 2916 1073 pluri-

573 1109 764 1156 mum
806 1090 1194 1157 valerent.
1280 1089 1501 1172 Itaque
1544 1109 1625 1156 ex
1668 1108 1744 1155 eo
1781 1081 1956 1172 'quod
1979 1097 2076 1154 est
2103 1090 2545 1174 ,pervigilium‘
2574 1091 2917 1176 perviyilia

578 1191 748 1276 apud
782 1189 1117 1272 Justinum,
1163 1209 1242 1254 ex
1284 1190 1707 1274 ,sesquiopus‘
1756 1193 2151 1277 sesquiopera
2197 1210 2301 1276 ap.
2345 1189 2617 1273 Colum„
2663 1211 2744 1256 ex
2786 1191 2910 1272 ,tri-

572 1290 937 1356 nundinum‘
959 1290 1410 1357 brimundinae
1394 1311 1459 1356 ιιι
1483 1290 1690 1357 Gloss.
1723 1292 1961 1376 Papiae
1986 1292 2071 1357 ad
2098 1290 2570 1357 similitudinem
2614 1290 2913 1376 ,vigiliae‚

572 1392 919 1472 nundinae,
973 1394 1228 1476 operae‘
1280 1391 1451 1490 faeta
1510 1397 1672 1457 sunt.
1755 1391 2038 1458 Similem
2079 1392 2144 1458 in
2187 1392 2440 1458 modum
2505 1412 2586 1458 ex
2627 1411 2704 1458 eo
2745 1391 2916 1476 quod

574 1500 671 1559 est
695 1491 1108 1576 ‚obsequium‘
1133 1471 1594 1576 significatione
1628 1499 1869 1558 mutata
1891 1494 1973 1559 ad
2021 1493 2403 1576 ,exsequiae‘
2445 1492 2915 1559 similitudinem

577 1595 915 1680 obsequiae,
956 1611 1036 1658 ex
1079 1592 1514 1676 ,vertibulumg
1558 1594 1742 1676 quasi
1791 1593 2224 1660 diminutivum
2266 1613 2308 1659 a
2349 1595 2682 1675 ,vertebra‘
2724 1601 2916 1676 esset,

571 1696 906 1776 vertibula,
972 1713 1051 1759 ex
1086 1691 1281 1777 ‚fuga‘
1328 1693 1412 1758 ad
1476 1697 1833 1778 exemplum
1879 1694 2362 1779 compositorum
2405 1694 2810 1778 ,confugium‘
2853 1700 2920 1762 et

575 1794 973 1882 ,perfugium‘
1009 1793 1277 1878 fuqium
1340 1793 1573 1860 factum
1636 1802 1762 1876 est,
1825 1795 1948 1862 nisi
2013 1795 2136 1861 hoc
2179 1815 2220 1860 a
2259 1795 2690 1879 grammaticis
2732 1795 2916 1878 quasi

570 1896 946 1967 vocabulum
987 1893 1366 1979 primitivum
1424 1894 1507 1960 ad
1548 1895 1798 1962 illorum
1842 1896 2263 1964 derivatorum
2309 1895 2662 1980 exemplum
2703 1895 2915 1961 fictum

572 2002 685 2064 est.
771 1996 1060 2078 Denique
1100 1996 1547 2064 vocabulorum
1594 1996 2048 2080 primitivorum
2089 2017 2322 2080 genere
2359 2002 2600 2062 mutato
2633 1996 2917 2062 deminu-

570 2099 705 2164 tiva
759 2096 943 2181 quasi
1001 2095 1243 2162 formae
1298 2095 1505 2163 denuo
1560 2096 1886 2162 derivatae
1940 2097 2067 2162 alio
2131 2102 2434 2181 usurpata
2475 2103 2620 2162 sunt
2660 2117 2915 2182 genere.

573 2200 757 2266 Velut
796 2217 911 2282 pro
954 2195 1325 2278 ,reticulum‘
1365 2197 1662 2262 reticulate
1702 2196 1848 2262 inde
1892 2216 1933 2262 a
1967 2196 2274 2278 Varrone,
2303 2199 2583 2264 reticula
2621 2197 2686 2263 in
2729 2198 2914 2265 Glos-

571 2301 661 2368 sis
703 2298 954 2382 legitur.

732 2399 961 2465 Rarius
1002 2399 1383 2467 contrarium
1406 2420 1472 2465 ιιι
1508 2398 1763 2464 modum
1806 2397 2144 2482 generis
2188 2403 2264 2463 et
2302 2397 2904 2464 terminationis
2953 2485 2958 2488 -

570 2499 1048 2566 differentia
1086 2499 1207 2564 ita
1250 2506 1775 2585 compensata
1815 2503 1967 2580 est,
2030 2504 2106 2563 ut
2165 2497 2362 2564 haec
2419 2497 2548 2563 illi
2611 2517 2913 2566 accom-

570 2599 1039 2684 modaretur.
1124 2600 1233 2667 Sic
1294 2620 1411 2684 pro
1476 2601 1715 2685 χάρται
1783 2597 1988 2676 charta·
2041 2598 2212 2683 apud
2252 2598 2561 2664 Lucilium
2610 2603 2767 2680 (sat.
2811 2599 2916 2683 27,

570 2700 712 2785 46),
756 2721 871 2786 pro
914 2704 1160 2783 ,tructa‘
1204 2700 1537 2786 (τρώκτης)
1582 2706 1819 2764 tructus
1860 2699 2210 2783 posteriore
2253 2706 2462 2767 aetate
2505 2699 2616 2783 (cf.
2661 2702 2917 2783 Georg„

572 2802 784 2869 Weise
826 2801 973 2883 540)
999 2849 1016 2880 ,
1086 2821 1203 2885 pro
1258 2801 1613 2883 ,bussequa‘
1671 2796 1999 2886 bussequas
2038 2799 2167 2865 Mai
2210 2799 2390 2866 thes·
2413 2819 2473 2868 n.
2517 2799 2656 2865 Lat.
2703 2821 2766 2885 p.
2811 2801 2917 2884 80,

570 2923 686 2989 pro
729 2904 1047 2984 ,cometes‘
1092 2908 1359 2967 cometus
1402 2920 1503 2986 ap.
1530 2900 1822 2967 Diefenb.
1869 2899 2166 2985 scriptum
2210 2899 2542 2967 invenitur.
2627 2901 2712 2968 Ut
2753 2901 2919 2967 haec

572 3024 607 3071 e
652 3003 857 3090 prima
897 3001 1315 3069 declinatione
1359 3002 1442 3067 ad
1484 3003 1748 3070 alteram
1790 3001 2200 3082 transierunt,
2255 3002 2348 3068 sic
2387 3021 2595 3086 pauca
2636 3021 2679 3066 a
2718 3002 2916 3068 Grae-

570 3103 662 3170 cis
704 3107 960 3186 arrepta
1000 3103 1315 3168 secundae
1359 3102 1799 3170 declinationis
1843 3102 2172 3181 feminina,
2215 3101 2282 3167 si2
2313 3103 2626 3169 vocabula
2667 3103 2918 3169 Graeca

571 3224 713 3272 esse
774 3204 1095 3270 etiamtum
1155 3204 1567 3287 sentiebatur,
1628 3205 1938 3289 secunda,
2005 3204 2060 3268 si
2107 3203 2357 3269 civitate
2404 3203 2586 3286 quasi
2627 3203 2919 3269 Romana

571 3306 997 3382 donabantur,
1062 3304 1269 3390 prima
1313 3296 1733 3384 declinatione
1774 3305 1943 3370 flexa
1987 3310 2146 3370 sunt.
2230 3305 2416 3370 Velut
2475 3303 2914 3389 ,canephoros‘

570 3405 701 3472 Cic.
746 3405 840 3471 bis
856 3453 873 3488 ,
902 3407 909 3416 ‘
936 3404 1095 3472 Plin.
1115 3454 1134 3487 ,
1198 3406 1611 3490 canephoram
1673 3405 1835 3470 Plin.
1877 3405 1978 3486 34,
2020 3405 2134 3488 70,
2174 3404 2512 3486 ,canifera,
2577 3404 2916 3470 caniferae‘

571 3507 749 3572 Paul.
807 3506 977 3571 Fest.
1021 3505 1121 3588 65,
1166 3507 1224 3574 6.
1294 3507 1375 3572 cf.
1434 3505 1647 3572 Weise
1691 3505 1845 3584 3683
1913 3504 2378 3589 ,cernophoros‘
2423 3510 2486 3570 et
2527 3504 2916 3588 cernophora

569 3607 764 3672 Inscr.
811 3606 1015 3689 Neap.
1042 3604 1223 3684 3144,
1270 3605 1465 3672 Orelli
1508 3604 1690 3673 5840.
1736 3605 1815 3670 of.
1848 3604 2058 3670 Weise
2092 3605 2234 3673 376.
2317 3605 2501 3671 Adde
2548 3604 2717 3688 quod
2759 3623 2911 3670 non-

570 3707 746 3771 nulla
786 3707 1084 3771 tertiae
1139 3705 1577 3772 declinationis
1640 3705 1950 3771 nomina
2007 3705 2101 3770 ad
2157 3704 2588 3771 secundam
2631 3724 2911 3771 nonnun-

573 3826 761 3890 quam
820 3812 966 3870 sunt
1020 3804 1378 3887 deflexa,
1434 3825 1558 3889 quo
1604 3806 1854 3872 facilius
1908 3825 2108 3890 genus
2167 3825 2381 3871 eorum
2447 3813 2912 3890 agnosceretur.

570 3906 665 3972 Eo
708 3905 1052 3990 pertinent:
1096 3904 1275 3986 ,duos
1319 3906 1599 3972 ordinos'·
1641 3906 1754 3972 Ch.
1801 3905 2034 3972 Ordon.
2061 3906 2126 3971 II
2167 3907 2338 3990 regis
2382 3905 2642 3990 Legion.
2687 3927 2744 3971 a.
2789 3907 2914 3975 992

572 4006 725 4089 Esp.
768 4005 833 4070 S.
879 4006 976 4086 14,
1022 4005 1171 4086 370,
1223 4008 1548 4090 complura
1589 4006 1653 4070 in
1699 4025 1848 4090 pag.
1893 4007 2156 4074 11—13.
2241 4006 2350 4072 Sic
2407 4026 2524 4090 pro
2567 4005 2912 4091 ,diploma‘,

573 4105 740 4192 quod
762 4104 991 4193 legitur
1024 4105 1170 4174 inde
1204 4125 1245 4175 a
1268 4105 1590 4195 Cicerone,
1632 4107 1972 4193 diplomum
1997 4105 2204 4174 wilm.
2249 4107 2365 4174 Ex.
2389 4107 2788 4190 Inscr.'2858‚
2812 4108 2913 4176 13.
