<?xml version="1.0" encoding="UTF-8"?>
<!DOCTYPE html PUBLIC "-//W3C//DTD XHTML 1.0 Transitional//EN"
    "http://www.w3.org/TR/xhtml1/DTD/xhtml1-transitional.dtd">
<html xmlns="http://www.w3.org/1999/xhtml" xml:lang="en" lang="en">
 <head>
  <title>
</title>
<meta http-equiv="Content-Type" content="text/html;charset=utf-8" />
  <meta name='ocr-system' content='tesseract 3.04.00' />
  <meta name='ocr-capabilities' content='ocr_page ocr_carea ocr_par ocr_line ocrx_word'/>
</head>
<body>
  <div class='ocr_page' id='page_1' title='image "./degenereneutroi01appegoog_0018.png"; bbox 0 0 3300 5042; ppageno 0'>
   <div class='ocr_carea' id='block_1_1' title="bbox 1450 371 1862 439">
    <p class='ocr_par' dir='ltr' id='par_1_1' title="bbox 1450 371 1862 439">
     <span class='ocr_line' id='line_1_1' title="bbox 1450 371 1862 439; baseline 0 -21"><span class='ocrx_word' id='word_1_1' title='bbox 1450 371 1862 439; x_wconf 63' lang='lat' dir='ltr'><strong>...w-</strong></span> 
     </span>
    </p>
   </div>
   <div class='ocr_carea' id='block_1_2' title="bbox 1610 585 1696 648">
    <p class='ocr_par' dir='ltr' id='par_1_2' title="bbox 1610 585 1696 648">
     <span class='ocr_line' id='line_1_2' title="bbox 1610 585 1696 648; baseline 0 0"><span class='ocrx_word' id='word_1_2' title='bbox 1610 585 1696 648; x_wconf 93' lang='lat' dir='ltr'><strong>II.</strong></span> 
     </span>
    </p>
   </div>
   <div class='ocr_carea' id='block_1_3' title="bbox 912 721 2397 808">
    <p class='ocr_par' dir='ltr' id='par_1_3' title="bbox 912 721 2397 808">
     <span class='ocr_line' id='line_1_3' title="bbox 912 721 2397 808; baseline -0.002 -20"><span class='ocrx_word' id='word_1_3' title='bbox 912 723 1136 788; x_wconf 76' lang='lat' dir='ltr'><strong>Formae</strong></span> <span class='ocrx_word' id='word_1_4' title='bbox 1178 721 1303 808; x_wconf 75' lang='lat' dir='ltr'><strong>quid</strong></span> <span class='ocrx_word' id='word_1_5' title='bbox 1344 723 1609 789; x_wconf 77' lang='lat' dir='ltr'><strong>valuerint</strong></span> <span class='ocrx_word' id='word_1_6' title='bbox 1648 724 1719 790; x_wconf 79' lang='lat' dir='ltr'><strong>ad</strong></span> <span class='ocrx_word' id='word_1_7' title='bbox 1764 744 1966 808; x_wconf 75' lang='lat' dir='ltr'><strong>genera</strong></span> <span class='ocrx_word' id='word_1_8' title='bbox 2007 723 2397 790; x_wconf 75' lang='lat' dir='ltr'><strong>commutanda.</strong></span> 
     </span>
    </p>
   </div>
   <div class='ocr_carea' id='block_1_4' title="bbox 465 859 2844 2245">
    <p class='ocr_par' dir='ltr' id='par_1_4' title="bbox 465 859 2844 2245">
     <span class='ocr_line' id='line_1_4' title="bbox 638 859 2842 947; baseline -0 -22"><span class='ocrx_word' id='word_1_9' title='bbox 638 859 985 942; x_wconf 82' lang='lat' dir='ltr'><strong>Quoniam,</strong></span> <span class='ocrx_word' id='word_1_10' title='bbox 1038 870 1241 943; x_wconf 70' lang='lat' dir='ltr'><strong>quam·</strong></span> <span class='ocrx_word' id='word_1_11' title='bbox 1274 861 1403 926; x_wconf 89' lang='lat' dir='ltr'><strong>late</strong></span> <span class='ocrx_word' id='word_1_12' title='bbox 1446 862 1722 946; x_wconf 85' lang='lat' dir='ltr'><strong>patuerit</strong></span> <span class='ocrx_word' id='word_1_13' title='bbox 1776 882 2080 947; x_wconf 81' lang='lat' dir='ltr'>generum</span> <span class='ocrx_word' id='word_1_14' title='bbox 2133 860 2459 943; x_wconf 88' lang='lat' dir='ltr'><strong>confusio,</strong></span> <span class='ocrx_word' id='word_1_15' title='bbox 2523 860 2842 925; x_wconf 78' lang='lat' dir='ltr'><strong>nonnullis</strong></span> 
     </span>
     <span class='ocr_line' id='line_1_5' title="bbox 468 959 2841 1045; baseline -0 -21"><span class='ocrx_word' id='word_1_16' title='bbox 468 959 778 1044; x_wconf 78' lang='lat' dir='ltr'><strong>exemplis</strong></span> <span class='ocrx_word' id='word_1_17' title='bbox 822 960 1240 1042; x_wconf 75' lang='lat' dir='ltr'><strong>ostendimus,</strong></span> <span class='ocrx_word' id='word_1_18' title='bbox 1292 963 1466 1044; x_wconf 90' lang='lat' dir='ltr'><strong>jam,</strong></span> <span class='ocrx_word' id='word_1_19' title='bbox 1526 962 1753 1045; x_wconf 87' lang='lat' dir='ltr'><strong>quibus</strong></span> <span class='ocrx_word' id='word_1_20' title='bbox 1796 963 1985 1027; x_wconf 89' lang='lat' dir='ltr'><strong>rebus</strong></span> <span class='ocrx_word' id='word_1_21' title='bbox 2038 962 2213 1026; x_wconf 86' lang='lat' dir='ltr'><strong>facta</strong></span> <span class='ocrx_word' id='word_1_22' title='bbox 2268 963 2382 1044; x_wconf 89' lang='lat' dir='ltr'><strong>sit,</strong></span> <span class='ocrx_word' id='word_1_23' title='bbox 2443 977 2841 1044; x_wconf 86' lang='lat' dir='ltr'><strong>quaeramus.</strong></span> 
     </span>
     <span class='ocr_line' id='line_1_6' title="bbox 469 1061 2840 1146; baseline 0 -22"><span class='ocrx_word' id='word_1_24' title='bbox 469 1061 633 1124; x_wconf 90' lang='lat' dir='ltr'><strong>Ante</strong></span> <span class='ocrx_word' id='word_1_25' title='bbox 660 1061 873 1124; x_wconf 88' lang='lat' dir='ltr'><strong>omnia</strong></span> <span class='ocrx_word' id='word_1_26' title='bbox 913 1081 993 1126; x_wconf 86' lang='lat' dir='ltr'><strong>eo</strong></span> <span class='ocrx_word' id='word_1_27' title='bbox 1020 1061 1089 1126; x_wconf 82' lang='lat' dir='ltr'><strong>id</strong></span> <span class='ocrx_word' id='word_1_28' title='bbox 1112 1061 1513 1126; x_wconf 82' lang='lat' dir='ltr'><strong>referendum</strong></span> <span class='ocrx_word' id='word_1_29' title='bbox 1540 1067 1658 1140; x_wconf 89' lang='lat' dir='ltr'><strong>est,</strong></span> <span class='ocrx_word' id='word_1_30' title='bbox 1701 1063 1869 1145; x_wconf 90' lang='lat' dir='ltr'><strong>quod</strong></span> <span class='ocrx_word' id='word_1_31' title='bbox 1899 1062 2048 1127; x_wconf 89' lang='lat' dir='ltr'><strong>inde</strong></span> <span class='ocrx_word' id='word_1_32' title='bbox 2073 1082 2112 1127; x_wconf 86' lang='lat' dir='ltr'><strong>a</strong></span> <span class='ocrx_word' id='word_1_33' title='bbox 2134 1062 2322 1128; x_wconf 89' lang='lat' dir='ltr'><strong>tertio</strong></span> <span class='ocrx_word' id='word_1_34' title='bbox 2355 1068 2501 1146; x_wconf 90' lang='lat' dir='ltr'><strong>post</strong></span> <span class='ocrx_word' id='word_1_35' title='bbox 2525 1061 2840 1126; x_wconf 78' lang='lat' dir='ltr'><strong>Christum</strong></span> 
     </span>
     <span class='ocr_line' id='line_1_7' title="bbox 470 1161 2842 1246; baseline 0 -22"><span class='ocrx_word' id='word_1_36' title='bbox 470 1166 687 1225; x_wconf 86' lang='lat' dir='ltr'><strong>natum</strong></span> <span class='ocrx_word' id='word_1_37' title='bbox 710 1163 967 1227; x_wconf 88' lang='lat' dir='ltr'><strong>saeculo</strong></span> <span class='ocrx_word' id='word_1_38' title='bbox 996 1166 1170 1226; x_wconf 84' lang='lat' dir='ltr'><strong>extr</strong></span> <span class='ocrx_word' id='word_1_39' title='bbox 1188 1181 1401 1228; x_wconf 87' lang='lat' dir='ltr'><strong>emae</strong></span> <span class='ocrx_word' id='word_1_40' title='bbox 1431 1163 1964 1228; x_wconf 80' lang='lat' dir='ltr'><strong>substantivorum</strong></span> <span class='ocrx_word' id='word_1_41' title='bbox 1993 1163 2409 1246; x_wconf 79' lang='lat' dir='ltr'><strong>syllabae,</strong></span> <span class='ocrx_word' id='word_1_42' title='bbox 2437 1163 2668 1244; x_wconf 84' lang='lat' dir='ltr'><strong>quihus</strong></span> <span class='ocrx_word' id='word_1_43' title='bbox 2691 1161 2842 1224; x_wconf 85' lang='lat' dir='ltr'><strong>olim</strong></span> 
     </span>
     <span class='ocr_line' id='line_1_8' title="bbox 472 1250 2842 1346; baseline 0 -23"><span class='ocrx_word' id='word_1_44' title='bbox 472 1279 710 1342; x_wconf 84' lang='lat' dir='ltr'><strong>genera</strong></span> <span class='ocrx_word' id='word_1_45' title='bbox 736 1250 1279 1344; x_wconf 79' lang='lat' dir='ltr'><strong>discernebantur,</strong></span> <span class='ocrx_word' id='word_1_46' title='bbox 1324 1282 1615 1328; x_wconf 86' lang='lat' dir='ltr'><strong>sermone</strong></span> <span class='ocrx_word' id='word_1_47' title='bbox 1654 1264 1976 1329; x_wconf 87' lang='lat' dir='ltr'><strong>cotidiano</strong></span> <span class='ocrx_word' id='word_1_48' title='bbox 2019 1265 2436 1346; x_wconf 82' lang='lat' dir='ltr'><strong>neglegenter</strong></span> <span class='ocrx_word' id='word_1_49' title='bbox 2481 1261 2842 1326; x_wconf 82' lang='lat' dir='ltr'><strong>enuntiatae</strong></span> 
     </span>
     <span class='ocr_line' id='line_1_9' title="bbox 469 1359 2842 1447; baseline 0.001 -24"><span class='ocrx_word' id='word_1_50' title='bbox 469 1359 700 1442; x_wconf 85' lang='lat' dir='ltr'><strong>partim</strong></span> <span class='ocrx_word' id='word_1_51' title='bbox 738 1361 1142 1426; x_wconf 88' lang='lat' dir='ltr'><strong>vehementer</strong></span> <span class='ocrx_word' id='word_1_52' title='bbox 1171 1361 1740 1442; x_wconf 81' lang='lat' dir='ltr'><strong>confundebantur,</strong></span> <span class='ocrx_word' id='word_1_53' title='bbox 1786 1363 2014 1447; x_wconf 88' lang='lat' dir='ltr'><strong>partim</strong></span> <span class='ocrx_word' id='word_1_54' title='bbox 2041 1363 2250 1446; x_wconf 86' lang='lat' dir='ltr'><strong>magis</strong></span> <span class='ocrx_word' id='word_1_55' title='bbox 2275 1361 2612 1445; x_wconf 81' lang='lat' dir='ltr'><strong>magisque</strong></span> <span class='ocrx_word' id='word_1_56' title='bbox 2655 1379 2842 1425; x_wconf 84' lang='lat' dir='ltr'><strong>eva-</strong></span> 
     </span>
     <span class='ocr_line' id='line_1_10' title="bbox 470 1459 2842 1547; baseline 0 -23"><span class='ocrx_word' id='word_1_57' title='bbox 470 1461 934 1526; x_wconf 90' lang='lat' dir='ltr'><strong>nescebant.</strong></span> <span class='ocrx_word' id='word_1_58' title='bbox 1022 1460 1241 1539; x_wconf 78' lang='lat' dir='ltr'><strong>Quid?</strong></span> <span class='ocrx_word' id='word_1_59' title='bbox 1306 1463 1509 1545; x_wconf 73' lang='lat' dir='ltr'><strong>quod,</strong></span> <span class='ocrx_word' id='word_1_60' title='bbox 1565 1471 1898 1547; x_wconf 88' lang='lat' dir='ltr'><strong>postquam</strong></span> <span class='ocrx_word' id='word_1_61' title='bbox 1957 1465 2134 1529; x_wconf 88' lang='lat' dir='ltr'><strong>multi</strong></span> <span class='ocrx_word' id='word_1_62' title='bbox 2189 1464 2350 1529; x_wconf 90' lang='lat' dir='ltr'><strong>tituli</strong></span> <span class='ocrx_word' id='word_1_63' title='bbox 2395 1459 2842 1527; x_wconf 84' lang='lat' dir='ltr'><strong>vetustissimis</strong></span> 
     </span>
     <span class='ocr_line' id='line_1_11' title="bbox 467 1562 2844 1645; baseline 0.001 -21"><span class='ocrx_word' id='word_1_64' title='bbox 467 1562 857 1644; x_wconf 88' lang='lat' dir='ltr'><strong>temporibus</strong></span> <span class='ocrx_word' id='word_1_65' title='bbox 899 1562 1195 1644; x_wconf 81' lang='lat' dir='ltr'><strong>insculpti</strong></span> <span class='ocrx_word' id='word_1_66' title='bbox 1253 1563 1316 1627; x_wconf 91' lang='lat' dir='ltr'><strong>in</strong></span> <span class='ocrx_word' id='word_1_67' title='bbox 1375 1564 1578 1628; x_wconf 91' lang='lat' dir='ltr'><strong>lucem</strong></span> <span class='ocrx_word' id='word_1_68' title='bbox 1636 1571 1782 1629; x_wconf 88' lang='lat' dir='ltr'><strong>sunt</strong></span> <span class='ocrx_word' id='word_1_69' title='bbox 1836 1563 2018 1644; x_wconf 87' lang='lat' dir='ltr'><strong>editi,</strong></span> <span class='ocrx_word' id='word_1_70' title='bbox 2085 1564 2403 1645; x_wconf 89' lang='lat' dir='ltr'><strong>cognitum</strong></span> <span class='ocrx_word' id='word_1_71' title='bbox 2461 1568 2559 1627; x_wconf 90' lang='lat' dir='ltr'><strong>est</strong></span> <span class='ocrx_word' id='word_1_72' title='bbox 2613 1581 2662 1626; x_wconf 76' lang='lat' dir='ltr'><strong>m</strong></span> <span class='ocrx_word' id='word_1_73' title='bbox 2707 1566 2772 1626; x_wconf 93' lang='lat' dir='ltr'><strong>et</strong></span> <span class='ocrx_word' id='word_1_74' title='bbox 2813 1581 2844 1626; x_wconf 82' lang='lat' dir='ltr'><strong>s</strong></span> 
     </span>
     <span class='ocr_line' id='line_1_12' title="bbox 470 1662 2842 1750; baseline -0.001 -23"><span class='ocrx_word' id='word_1_75' title='bbox 470 1667 920 1744; x_wconf 89' lang='lat' dir='ltr'><strong>consonantes,</strong></span> <span class='ocrx_word' id='word_1_76' title='bbox 980 1663 1206 1744; x_wconf 90' lang='lat' dir='ltr'><strong>quibus</strong></span> <span class='ocrx_word' id='word_1_77' title='bbox 1278 1662 1434 1750; x_wconf 88' lang='lat' dir='ltr'><strong>solis</strong></span> <span class='ocrx_word' id='word_1_78' title='bbox 1502 1663 1875 1729; x_wconf 85' lang='lat' dir='ltr'><strong>nominativi</strong></span> <span class='ocrx_word' id='word_1_79' title='bbox 1941 1663 2284 1746; x_wconf 87' lang='lat' dir='ltr'><strong>singularis</strong></span> <span class='ocrx_word' id='word_1_80' title='bbox 2349 1663 2842 1728; x_wconf 88' lang='lat' dir='ltr'><strong>masculinorum</strong></span> 
     </span>
     <span class='ocr_line' id='line_1_13' title="bbox 468 1755 2841 1840; baseline -0 -14"><span class='ocrx_word' id='word_1_81' title='bbox 468 1780 546 1826; x_wconf 87' lang='lat' dir='ltr'><strong>ac</strong></span> <span class='ocrx_word' id='word_1_82' title='bbox 588 1767 945 1826; x_wconf 87' lang='lat' dir='ltr'><strong>neutrorum</strong></span> <span class='ocrx_word' id='word_1_83' title='bbox 990 1755 1310 1828; x_wconf 85' lang='lat' dir='ltr'><strong>secundae</strong></span> <span class='ocrx_word' id='word_1_84' title='bbox 1354 1763 1800 1828; x_wconf 87' lang='lat' dir='ltr'><strong>declinationis</strong></span> <span class='ocrx_word' id='word_1_85' title='bbox 1843 1763 2008 1828; x_wconf 88' lang='lat' dir='ltr'><strong>inter</strong></span> <span class='ocrx_word' id='word_1_86' title='bbox 2051 1782 2120 1827; x_wconf 93' lang='lat' dir='ltr'><strong>se</strong></span> <span class='ocrx_word' id='word_1_87' title='bbox 2175 1762 2586 1840; x_wconf 83' lang='lat' dir='ltr'><strong>differebant,</strong></span> <span class='ocrx_word' id='word_1_88' title='bbox 2648 1779 2841 1826; x_wconf 82' lang='lat' dir='ltr'><strong>enun-</strong></span> 
     </span>
     <span class='ocr_line' id='line_1_14' title="bbox 465 1859 2842 1945; baseline 0 -20"><span class='ocrx_word' id='word_1_89' title='bbox 465 1859 683 1926; x_wconf 87' lang='lat' dir='ltr'><strong>tiando</strong></span> <span class='ocrx_word' id='word_1_90' title='bbox 728 1862 1099 1926; x_wconf 86' lang='lat' dir='ltr'><strong>obscuratas</strong></span> <span class='ocrx_word' id='word_1_91' title='bbox 1124 1862 1263 1945; x_wconf 87' lang='lat' dir='ltr'><strong>jam</strong></span> <span class='ocrx_word' id='word_1_92' title='bbox 1292 1863 1670 1928; x_wconf 89' lang='lat' dir='ltr'><strong>Punicorum</strong></span> <span class='ocrx_word' id='word_1_93' title='bbox 1699 1863 2006 1929; x_wconf 90' lang='lat' dir='ltr'><strong>bellorum</strong></span> <span class='ocrx_word' id='word_1_94' title='bbox 2048 1869 2258 1928; x_wconf 88' lang='lat' dir='ltr'><strong>aetate</strong></span> <span class='ocrx_word' id='word_1_95' title='bbox 2291 1864 2654 1945; x_wconf 83' lang='lat' dir='ltr'><strong>frequenter</strong></span> <span class='ocrx_word' id='word_1_96' title='bbox 2695 1879 2842 1925; x_wconf 90' lang='lat' dir='ltr'><strong>esse</strong></span> 
     </span>
     <span class='ocr_line' id='line_1_15' title="bbox 468 1961 2840 2047; baseline 0 -23"><span class='ocrx_word' id='word_1_97' title='bbox 468 1961 757 2042; x_wconf 86' lang='lat' dir='ltr'><strong>omissas,</strong></span> <span class='ocrx_word' id='word_1_98' title='bbox 801 1963 996 2028; x_wconf 87' lang='lat' dir='ltr'><strong>veluti</strong></span> <span class='ocrx_word' id='word_1_99' title='bbox 1038 1962 1103 2025; x_wconf 90' lang='lat' dir='ltr'><strong>in</strong></span> <span class='ocrx_word' id='word_1_100' title='bbox 1147 1961 1345 2027; x_wconf 85' lang='lat' dir='ltr'><strong>titulis</strong></span> <span class='ocrx_word' id='word_1_101' title='bbox 1391 1963 1900 2047; x_wconf 87' lang='lat' dir='ltr'><strong>sepulchralibus</strong></span> <span class='ocrx_word' id='word_1_102' title='bbox 1946 1963 2332 2046; x_wconf 88' lang='lat' dir='ltr'><strong>Scipionum.</strong></span> <span class='ocrx_word' id='word_1_103' title='bbox 2399 1962 2690 2040; x_wconf 82' lang='lat' dir='ltr'><strong>Quocum</strong></span> <span class='ocrx_word' id='word_1_104' title='bbox 2731 1979 2840 2044; x_wconf 88' lang='lat' dir='ltr'><strong>op·</strong></span> 
     </span>
     <span class='ocr_line' id='line_1_16' title="bbox 465 2061 2839 2146; baseline -0 -21"><span class='ocrx_word' id='word_1_105' title='bbox 465 2061 616 2126; x_wconf 89' lang='lat' dir='ltr'><strong>time</strong></span> <span class='ocrx_word' id='word_1_106' title='bbox 662 2062 973 2141; x_wconf 89' lang='lat' dir='ltr'><strong>convenit,</strong></span> <span class='ocrx_word' id='word_1_107' title='bbox 1020 2062 1189 2145; x_wconf 91' lang='lat' dir='ltr'><strong>quod</strong></span> <span class='ocrx_word' id='word_1_108' title='bbox 1233 2083 1273 2126; x_wconf 86' lang='lat' dir='ltr'><strong>a</strong></span> <span class='ocrx_word' id='word_1_109' title='bbox 1314 2063 1760 2127; x_wconf 86' lang='lat' dir='ltr'><strong>vetustissimis</strong></span> <span class='ocrx_word' id='word_1_110' title='bbox 1785 2064 2211 2129; x_wconf 86' lang='lat' dir='ltr'><strong>Romanorum</strong></span> <span class='ocrx_word' id='word_1_111' title='bbox 2243 2063 2450 2146; x_wconf 89' lang='lat' dir='ltr'><strong>poetis</strong></span> <span class='ocrx_word' id='word_1_112' title='bbox 2487 2067 2550 2127; x_wconf 91' lang='lat' dir='ltr'><strong>et</strong></span> <span class='ocrx_word' id='word_1_113' title='bbox 2577 2061 2839 2125; x_wconf 86' lang='lat' dir='ltr'><strong>oratori·</strong></span> 
     </span>
     <span class='ocr_line' id='line_1_17' title="bbox 468 2161 2840 2245; baseline -0 -19"><span class='ocrx_word' id='word_1_114' title='bbox 468 2161 587 2226; x_wconf 89' lang='lat' dir='ltr'><strong>bus</strong></span> <span class='ocrx_word' id='word_1_115' title='bbox 630 2161 787 2226; x_wconf 86' lang='lat' dir='ltr'><strong>talia</strong></span> <span class='ocrx_word' id='word_1_116' title='bbox 830 2163 1144 2227; x_wconf 87' lang='lat' dir='ltr'><strong>vocabula</strong></span> <span class='ocrx_word' id='word_1_117' title='bbox 1198 2181 1325 2227; x_wconf 92' lang='lat' dir='ltr'><strong>non</strong></span> <span class='ocrx_word' id='word_1_118' title='bbox 1370 2163 1459 2226; x_wconf 91' lang='lat' dir='ltr'><strong>ita</strong></span> <span class='ocrx_word' id='word_1_119' title='bbox 1502 2182 1710 2245; x_wconf 89' lang='lat' dir='ltr'><strong>pauca</strong></span> <span class='ocrx_word' id='word_1_120' title='bbox 1752 2163 2022 2228; x_wconf 88' lang='lat' dir='ltr'><strong>diversis</strong></span> <span class='ocrx_word' id='word_1_121' title='bbox 2078 2163 2238 2228; x_wconf 90' lang='lat' dir='ltr'><strong>locis</strong></span> <span class='ocrx_word' id='word_1_122' title='bbox 2293 2161 2544 2226; x_wconf 84' lang='lat' dir='ltr'><strong>diverso</strong></span> <span class='ocrx_word' id='word_1_123' title='bbox 2605 2180 2840 2244; x_wconf 86' lang='lat' dir='ltr'><strong>genere</strong></span> 
     </span>
    </p>
   </div>
   <div class='ocr_carea' id='block_1_5' title="bbox 468 2261 2898 2351">
    <p class='ocr_par' dir='ltr' id='par_1_5' title="bbox 468 2261 2898 2351">
     <span class='ocr_line' id='line_1_18' title="bbox 468 2261 2898 2351; baseline 0 -25"><span class='ocrx_word' id='word_1_124' title='bbox 468 2268 614 2326; x_wconf 88' lang='lat' dir='ltr'><strong>sunt</strong></span> <span class='ocrx_word' id='word_1_125' title='bbox 657 2264 928 2347; x_wconf 86' lang='lat' dir='ltr'><strong>prolata.</strong></span> <span class='ocrx_word' id='word_1_126' title='bbox 992 2262 1265 2327; x_wconf 82' lang='lat' dir='ltr'><strong>Tantam</strong></span> <span class='ocrx_word' id='word_1_127' title='bbox 1310 2263 1749 2329; x_wconf 86' lang='lat' dir='ltr'><strong>confusionem</strong></span> <span class='ocrx_word' id='word_1_128' title='bbox 1795 2283 1892 2344; x_wconf 90' lang='lat' dir='ltr'><strong>ea,</strong></span> <span class='ocrx_word' id='word_1_129' title='bbox 1939 2283 2066 2346; x_wconf 87' lang='lat' dir='ltr'><strong>qua</strong></span> <span class='ocrx_word' id='word_1_130' title='bbox 2108 2263 2382 2328; x_wconf 87' lang='lat' dir='ltr'><strong>maxime</strong></span> <span class='ocrx_word' id='word_1_131' title='bbox 2425 2262 2681 2327; x_wconf 85' lang='lat' dir='ltr'><strong>floreret</strong></span> <span class='ocrx_word' id='word_1_132' title='bbox 2719 2261 2840 2327; x_wconf 90' lang='lat' dir='ltr'><strong>lin·</strong></span> <span class='ocrx_word' id='word_1_133' title='bbox 2876 2337 2898 2351; x_wconf 35' lang='lat'>⁸</span> 
     </span>
    </p>
   </div>
   <div class='ocr_carea' id='block_1_6' title="bbox 467 2359 2847 4530">
    <p class='ocr_par' dir='ltr' id='par_1_6' title="bbox 468 2359 2843 2746">
     <span class='ocr_line' id='line_1_19' title="bbox 468 2359 2840 2447; baseline -0.001 -21"><span class='ocrx_word' id='word_1_134' title='bbox 468 2381 635 2445; x_wconf 85' lang='lat' dir='ltr'><strong>guae</strong></span> <span class='ocrx_word' id='word_1_135' title='bbox 679 2368 979 2428; x_wconf 88' lang='lat' dir='ltr'><strong>venustas</strong></span> <span class='ocrx_word' id='word_1_136' title='bbox 1026 2369 1264 2444; x_wconf 89' lang='lat' dir='ltr'><strong>aetate,</strong></span> <span class='ocrx_word' id='word_1_137' title='bbox 1332 2369 1615 2430; x_wconf 88' lang='lat' dir='ltr'><strong>oratores</strong></span> <span class='ocrx_word' id='word_1_138' title='bbox 1663 2370 1725 2429; x_wconf 90' lang='lat' dir='ltr'><strong>et</strong></span> <span class='ocrx_word' id='word_1_139' title='bbox 1776 2363 2213 2447; x_wconf 88' lang='lat' dir='ltr'><strong>grammatici,</strong></span> <span class='ocrx_word' id='word_1_140' title='bbox 2268 2364 2480 2446; x_wconf 89' lang='lat' dir='ltr'><strong>quoad</strong></span> <span class='ocrx_word' id='word_1_141' title='bbox 2523 2362 2660 2428; x_wconf 90' lang='lat' dir='ltr'><strong>eius</strong></span> <span class='ocrx_word' id='word_1_142' title='bbox 2703 2359 2840 2426; x_wconf 84' lang='lat' dir='ltr'><strong>fieri</strong></span> 
     </span>
     <span class='ocr_line' id='line_1_20' title="bbox 468 2461 2843 2546; baseline -0.002 -18"><span class='ocrx_word' id='word_1_143' title='bbox 468 2464 691 2545; x_wconf 89' lang='lat' dir='ltr'><strong>potuit,</strong></span> <span class='ocrx_word' id='word_1_144' title='bbox 737 2483 1030 2529; x_wconf 89' lang='lat' dir='ltr'><strong>coercere</strong></span> <span class='ocrx_word' id='word_1_145' title='bbox 1073 2464 1445 2544; x_wconf 87' lang='lat' dir='ltr'><strong>studebant;</strong></span> <span class='ocrx_word' id='word_1_146' title='bbox 1490 2461 1638 2545; x_wconf 85' lang='lat' dir='ltr'><strong>sed,</strong></span> <span class='ocrx_word' id='word_1_147' title='bbox 1685 2483 1979 2528; x_wconf 87' lang='lat' dir='ltr'><strong>sermone</strong></span> <span class='ocrx_word' id='word_1_148' title='bbox 2023 2463 2271 2546; x_wconf 86' lang='lat' dir='ltr'><strong>vulgari</strong></span> <span class='ocrx_word' id='word_1_149' title='bbox 2301 2468 2694 2546; x_wconf 86' lang='lat' dir='ltr'><strong>propagata,</strong></span> <span class='ocrx_word' id='word_1_150' title='bbox 2752 2461 2843 2525; x_wconf 88' lang='lat' dir='ltr'><strong>la-</strong></span> 
     </span>
     <span class='ocr_line' id='line_1_21' title="bbox 468 2562 2843 2646; baseline -0.001 -18"><span class='ocrx_word' id='word_1_151' title='bbox 468 2562 764 2628; x_wconf 85' lang='lat' dir='ltr'><strong>bentibus</strong></span> <span class='ocrx_word' id='word_1_152' title='bbox 824 2571 887 2628; x_wconf 91' lang='lat' dir='ltr'><strong>et</strong></span> <span class='ocrx_word' id='word_1_153' title='bbox 930 2562 1013 2627; x_wconf 90' lang='lat' dir='ltr'><strong>ad</strong></span> <span class='ocrx_word' id='word_1_154' title='bbox 1076 2563 1395 2630; x_wconf 90' lang='lat' dir='ltr'><strong>interitum</strong></span> <span class='ocrx_word' id='word_1_155' title='bbox 1441 2564 1852 2646; x_wconf 85' lang='lat' dir='ltr'><strong>vergentibus</strong></span> <span class='ocrx_word' id='word_1_156' title='bbox 1910 2564 2136 2629; x_wconf 90' lang='lat' dir='ltr'><strong>litteris</strong></span> <span class='ocrx_word' id='word_1_157' title='bbox 2180 2562 2446 2645; x_wconf 89' lang='lat' dir='ltr'><strong>Latinis,</strong></span> <span class='ocrx_word' id='word_1_158' title='bbox 2489 2579 2843 2646; x_wconf 87' lang='lat' dir='ltr'><strong>usquequa·</strong></span> 
     </span>
     <span class='ocr_line' id='line_1_22' title="bbox 470 2662 2681 2746; baseline -0.001 -18"><span class='ocrx_word' id='word_1_159' title='bbox 470 2681 593 2746; x_wconf 86' lang='lat' dir='ltr'><strong>que</strong></span> <span class='ocrx_word' id='word_1_160' title='bbox 638 2662 881 2746; x_wconf 88' lang='lat' dir='ltr'><strong>irrupit.</strong></span> <span class='ocrx_word' id='word_1_161' title='bbox 2676 2677 2681 2680; x_wconf 84' lang='grc'><strong><em>·</em></strong></span> 
     </span>
    </p>

    <p class='ocr_par' dir='ltr' id='par_1_7' title="bbox 467 2762 2847 4530">
     <span class='ocr_line' id='line_1_23' title="bbox 635 2762 2846 2846; baseline 0 -20"><span class='ocrx_word' id='word_1_162' title='bbox 635 2763 859 2846; x_wconf 89' lang='lat' dir='ltr'><strong>Itaque</strong></span> <span class='ocrx_word' id='word_1_163' title='bbox 903 2783 935 2827; x_wconf 91' lang='lat' dir='ltr'><strong>s</strong></span> <span class='ocrx_word' id='word_1_164' title='bbox 978 2768 1043 2828; x_wconf 93' lang='lat' dir='ltr'><strong>et</strong></span> <span class='ocrx_word' id='word_1_165' title='bbox 1064 2783 1126 2828; x_wconf 91' lang='lat' dir='ltr'><strong>m</strong></span> <span class='ocrx_word' id='word_1_166' title='bbox 1170 2769 1595 2828; x_wconf 89' lang='lat' dir='ltr'><strong>consonantes</strong></span> <span class='ocrx_word' id='word_1_167' title='bbox 1637 2783 1876 2845; x_wconf 89' lang='lat' dir='ltr'><strong>rursus,</strong></span> <span class='ocrx_word' id='word_1_168' title='bbox 1927 2763 2092 2827; x_wconf 88' lang='lat' dir='ltr'><strong>haec</strong></span> <span class='ocrx_word' id='word_1_169' title='bbox 2135 2762 2219 2826; x_wconf 90' lang='lat' dir='ltr'><strong>ab</strong></span> <span class='ocrx_word' id='word_1_170' title='bbox 2262 2769 2544 2826; x_wconf 84' lang='lat' dir='ltr'><strong>extremo</strong></span> <span class='ocrx_word' id='word_1_171' title='bbox 2587 2762 2846 2828; x_wconf 86' lang='lat' dir='ltr'><strong>saeculo</strong></span> 
     </span>
     <span class='ocr_line' id='line_1_24' title="bbox 468 2861 2847 2947; baseline -0.001 -20"><span class='ocrx_word' id='word_1_172' title='bbox 468 2862 675 2942; x_wconf 89' lang='lat' dir='ltr'><strong>tertio,</strong></span> <span class='ocrx_word' id='word_1_173' title='bbox 718 2863 831 2928; x_wconf 89' lang='lat' dir='ltr'><strong>illa</strong></span> <span class='ocrx_word' id='word_1_174' title='bbox 873 2864 957 2928; x_wconf 88' lang='lat' dir='ltr'><strong>ab</strong></span> <span class='ocrx_word' id='word_1_175' title='bbox 1000 2869 1283 2928; x_wconf 85' lang='lat' dir='ltr'><strong>extremo</strong></span> <span class='ocrx_word' id='word_1_176' title='bbox 1328 2865 1585 2928; x_wconf 87' lang='lat' dir='ltr'><strong>saeculo</strong></span> <span class='ocrx_word' id='word_1_177' title='bbox 1631 2869 1857 2947; x_wconf 87' lang='lat' dir='ltr'><strong>quarto</strong></span> <span class='ocrx_word' id='word_1_178' title='bbox 1897 2882 1961 2947; x_wconf 88' lang='lat' dir='ltr'><strong>p.</strong></span> <span class='ocrx_word' id='word_1_179' title='bbox 1992 2861 2136 2926; x_wconf 85' lang='lat' dir='ltr'><strong>Chr.</strong></span> <span class='ocrx_word' id='word_1_180' title='bbox 2173 2882 2233 2927; x_wconf 89' lang='lat' dir='ltr'><strong>n.</strong></span> <span class='ocrx_word' id='word_1_181' title='bbox 2279 2861 2655 2945; x_wconf 86' lang='lat' dir='ltr'><strong>saepissime</strong></span> <span class='ocrx_word' id='word_1_182' title='bbox 2699 2866 2847 2926; x_wconf 91' lang='lat' dir='ltr'><strong>sunt</strong></span> 
     </span>
     <span class='ocr_line' id='line_1_25' title="bbox 470 2961 2843 3052; baseline -0.002 -24"><span class='ocrx_word' id='word_1_183' title='bbox 470 2962 743 3046; x_wconf 86' lang='lat' dir='ltr'><strong>abjecta,</strong></span> <span class='ocrx_word' id='word_1_184' title='bbox 787 2963 871 3029; x_wconf 85' lang='lat' dir='ltr'><strong>cf.</strong></span> <span class='ocrx_word' id='word_1_185' title='bbox 920 2962 1242 3029; x_wconf 85' lang='lat' dir='ltr'><strong>Corssenii</strong></span> <span class='ocrx_word' id='word_1_186' title='bbox 1285 2962 1647 3047; x_wconf 90' lang='lat' dir='ltr'><strong>librum,qui</strong></span> <span class='ocrx_word' id='word_1_187' title='bbox 1693 2963 2056 3052; x_wconf 82' lang='lat' dir='ltr'><strong>inscribitur</strong></span> <span class='ocrx_word' id='word_1_188' title='bbox 2097 2962 2528 3045; x_wconf 85' lang='lat' dir='ltr'><strong>,aussprache,</strong></span> <span class='ocrx_word' id='word_1_189' title='bbox 2572 2961 2843 3027; x_wconf 86' lang='lat' dir='ltr'><strong>vocalis-</strong></span> 
     </span>
     <span class='ocr_line' id='line_1_26' title="bbox 467 3062 2844 3148; baseline -0.002 -18"><span class='ocrx_word' id='word_1_190' title='bbox 467 3083 609 3130; x_wconf 89' lang='lat' dir='ltr'><strong>mus</strong></span> <span class='ocrx_word' id='word_1_191' title='bbox 654 3063 781 3129; x_wconf 90' lang='lat' dir='ltr'><strong>und</strong></span> <span class='ocrx_word' id='word_1_192' title='bbox 826 3065 1152 3146; x_wconf 88' lang='lat' dir='ltr'><strong>betonung</strong></span> <span class='ocrx_word' id='word_1_193' title='bbox 1192 3065 1307 3128; x_wconf 88' lang='lat' dir='ltr'><strong>der</strong></span> <span class='ocrx_word' id='word_1_194' title='bbox 1350 3063 1766 3129; x_wconf 88' lang='lat' dir='ltr'><strong>lateinischen</strong></span> <span class='ocrx_word' id='word_1_195' title='bbox 1813 3064 2109 3148; x_wconf 88' lang='lat' dir='ltr'><strong>sprache‘</strong></span> <span class='ocrx_word' id='word_1_196' title='bbox 2152 3063 2225 3128; x_wconf 78' lang='grc' dir='ltr'><strong>Ι1</strong></span> <span class='ocrx_word' id='word_1_197' title='bbox 2268 3082 2416 3146; x_wconf 87' lang='lat' dir='ltr'><strong>pag.</strong></span> <span class='ocrx_word' id='word_1_198' title='bbox 2463 3062 2606 3129; x_wconf 88' lang='grc'><strong>110.</strong></span> <span class='ocrx_word' id='word_1_199' title='bbox 2701 3062 2844 3139; x_wconf 84' lang='lat' dir='ltr'><strong>Quo</strong></span> 
     </span>
     <span class='ocr_line' id='line_1_27' title="bbox 468 3162 2843 3246; baseline -0.002 -16"><span class='ocrx_word' id='word_1_200' title='bbox 468 3162 707 3230; x_wconf 85' lang='lat' dir='ltr'><strong>factum</strong></span> <span class='ocrx_word' id='word_1_201' title='bbox 753 3170 885 3242; x_wconf 87' lang='lat' dir='ltr'><strong>est,</strong></span> <span class='ocrx_word' id='word_1_202' title='bbox 950 3169 1019 3229; x_wconf 87' lang='lat' dir='ltr'><strong>ut</strong></span> <span class='ocrx_word' id='word_1_203' title='bbox 1068 3163 1620 3230; x_wconf 87' lang='lat' dir='ltr'><strong>terminationibus</strong></span> <span class='ocrx_word' id='word_1_204' title='bbox 1681 3163 2051 3229; x_wconf 89' lang='lat' dir='ltr'><strong>nominativi</strong></span> <span class='ocrx_word' id='word_1_205' title='bbox 2107 3162 2452 3246; x_wconf 86' lang='lat' dir='ltr'><strong>singularis</strong></span> <span class='ocrx_word' id='word_1_206' title='bbox 2513 3182 2620 3226; x_wconf 91' lang='lat' dir='ltr'><strong>um</strong></span> <span class='ocrx_word' id='word_1_207' title='bbox 2663 3167 2727 3226; x_wconf 91' lang='lat' dir='ltr'><strong>et</strong></span> <span class='ocrx_word' id='word_1_208' title='bbox 2768 3179 2843 3225; x_wconf 90' lang='lat' dir='ltr'><strong>us</strong></span> 
     </span>
     <span class='ocr_line' id='line_1_28' title="bbox 470 3261 2843 3344; baseline -0.002 -15"><span class='ocrx_word' id='word_1_209' title='bbox 470 3264 847 3344; x_wconf 87' lang='lat' dir='ltr'><strong>obscuratis,</strong></span> <span class='ocrx_word' id='word_1_210' title='bbox 892 3270 955 3328; x_wconf 92' lang='lat' dir='ltr'><strong>et</strong></span> <span class='ocrx_word' id='word_1_211' title='bbox 981 3265 1335 3329; x_wconf 88' lang='lat' dir='ltr'><strong>masculina</strong></span> <span class='ocrx_word' id='word_1_212' title='bbox 1378 3270 1441 3328; x_wconf 90' lang='lat' dir='ltr'><strong>et</strong></span> <span class='ocrx_word' id='word_1_213' title='bbox 1482 3271 1712 3328; x_wconf 87' lang='lat' dir='ltr'><strong>neutra</strong></span> <span class='ocrx_word' id='word_1_214' title='bbox 1755 3264 1818 3327; x_wconf 92' lang='lat' dir='ltr'><strong>in</strong></span> <span class='ocrx_word' id='word_1_215' title='bbox 1855 3283 1894 3329; x_wconf 90' lang='lat' dir='ltr'><strong>u</strong></span> <span class='ocrx_word' id='word_1_216' title='bbox 1919 3263 2022 3328; x_wconf 87' lang='lat' dir='ltr'><strong>vel</strong></span> <span class='ocrx_word' id='word_1_217' title='bbox 2065 3284 2104 3328; x_wconf 93' lang='lat' dir='ltr'><strong>o</strong></span> <span class='ocrx_word' id='word_1_218' title='bbox 2145 3265 2408 3342; x_wconf 86' lang='lat' dir='ltr'><strong>exirent,</strong></span> <span class='ocrx_word' id='word_1_219' title='bbox 2457 3263 2607 3344; x_wconf 91' lang='lat' dir='ltr'><strong>quin</strong></span> <span class='ocrx_word' id='word_1_220' title='bbox 2653 3261 2843 3326; x_wconf 91' lang='lat' dir='ltr'><strong>etiam</strong></span> 
     </span>
     <span class='ocr_line' id='line_1_29' title="bbox 470 3360 2842 3447; baseline -0.001 -21"><span class='ocrx_word' id='word_1_221' title='bbox 470 3361 537 3428; x_wconf 92' lang='lat' dir='ltr'><strong>in</strong></span> <span class='ocrx_word' id='word_1_222' title='bbox 604 3363 913 3447; x_wconf 86' lang='lat' dir='ltr'><strong>singulari</strong></span> <span class='ocrx_word' id='word_1_223' title='bbox 980 3371 1235 3446; x_wconf 89' lang='lat' dir='ltr'><strong>praeter</strong></span> <span class='ocrx_word' id='word_1_224' title='bbox 1300 3363 1660 3430; x_wconf 85' lang='lat' dir='ltr'><strong>vocativum</strong></span> <span class='ocrx_word' id='word_1_225' title='bbox 1727 3364 1980 3429; x_wconf 89' lang='lat' dir='ltr'><strong>omnino</strong></span> <span class='ocrx_word' id='word_1_226' title='bbox 2045 3382 2172 3427; x_wconf 90' lang='lat' dir='ltr'><strong>non</strong></span> <span class='ocrx_word' id='word_1_227' title='bbox 2241 3370 2456 3426; x_wconf 84' lang='lat' dir='ltr'><strong>essent</strong></span> <span class='ocrx_word' id='word_1_228' title='bbox 2526 3360 2842 3426; x_wconf 89' lang='lat' dir='ltr'><strong>distincta.</strong></span> 
     </span>
     <span class='ocr_line' id='line_1_30' title="bbox 472 3460 2844 3543; baseline -0.001 -16"><span class='ocrx_word' id='word_1_229' title='bbox 472 3462 831 3529; x_wconf 83' lang='lat' dir='ltr'><strong>Earundem</strong></span> <span class='ocrx_word' id='word_1_230' title='bbox 870 3464 1351 3529; x_wconf 86' lang='lat' dir='ltr'><strong>consonantium</strong></span> <span class='ocrx_word' id='word_1_231' title='bbox 1395 3463 1459 3530; x_wconf 84' lang='lat' dir='ltr'><strong>in</strong></span> <span class='ocrx_word' id='word_1_232' title='bbox 1487 3464 1788 3529; x_wconf 88' lang='lat' dir='ltr'><strong>extremis</strong></span> <span class='ocrx_word' id='word_1_233' title='bbox 1821 3463 2082 3528; x_wconf 85' lang='lat' dir='ltr'><strong>vocibus</strong></span> <span class='ocrx_word' id='word_1_234' title='bbox 2125 3461 2382 3528; x_wconf 88' lang='lat' dir='ltr'><strong>interitu</strong></span> <span class='ocrx_word' id='word_1_235' title='bbox 2423 3460 2648 3526; x_wconf 82' lang='lat' dir='ltr'><strong>tertiae</strong></span> <span class='ocrx_word' id='word_1_236' title='bbox 2691 3479 2844 3543; x_wconf 88' lang='lat' dir='ltr'><strong>quo·</strong></span> 
     </span>
     <span class='ocr_line' id='line_1_31' title="bbox 473 3561 2840 3646; baseline -0.002 -18"><span class='ocrx_word' id='word_1_237' title='bbox 473 3581 595 3646; x_wconf 90' lang='lat' dir='ltr'><strong>que</strong></span> <span class='ocrx_word' id='word_1_238' title='bbox 639 3563 1083 3628; x_wconf 87' lang='lat' dir='ltr'><strong>declinationis</strong></span> <span class='ocrx_word' id='word_1_239' title='bbox 1126 3564 1481 3629; x_wconf 88' lang='lat' dir='ltr'><strong>masculina</strong></span> <span class='ocrx_word' id='word_1_240' title='bbox 1526 3572 1589 3628; x_wconf 95' lang='lat' dir='ltr'><strong>et</strong></span> <span class='ocrx_word' id='word_1_241' title='bbox 1632 3562 1940 3629; x_wconf 87' lang='lat' dir='ltr'><strong>feminina</strong></span> <span class='ocrx_word' id='word_1_242' title='bbox 1983 3561 2066 3627; x_wconf 90' lang='lat' dir='ltr'><strong>ad</strong></span> <span class='ocrx_word' id='word_1_243' title='bbox 2110 3571 2336 3627; x_wconf 88' lang='lat' dir='ltr'><strong>neutra</strong></span> <span class='ocrx_word' id='word_1_244' title='bbox 2377 3561 2586 3643; x_wconf 87' lang='lat' dir='ltr'><strong>magis</strong></span> <span class='ocrx_word' id='word_1_245' title='bbox 2629 3577 2840 3625; x_wconf 88' lang='lat' dir='ltr'><strong>acces·</strong></span> 
     </span>
     <span class='ocr_line' id='line_1_32' title="bbox 472 3659 2842 3745; baseline -0.001 -18"><span class='ocrx_word' id='word_1_246' title='bbox 472 3668 702 3727; x_wconf 89' lang='lat' dir='ltr'><strong>serunt.</strong></span> <span class='ocrx_word' id='word_1_247' title='bbox 794 3661 974 3726; x_wconf 87' lang='lat' dir='ltr'><strong>Adde</strong></span> <span class='ocrx_word' id='word_1_248' title='bbox 1021 3662 1189 3745; x_wconf 89' lang='lat' dir='ltr'><strong>quod</strong></span> <span class='ocrx_word' id='word_1_249' title='bbox 1234 3664 1446 3728; x_wconf 89' lang='lat' dir='ltr'><strong>littera</strong></span> <span class='ocrx_word' id='word_1_250' title='bbox 1488 3684 1549 3728; x_wconf 91' lang='lat' dir='ltr'><strong>m</strong></span> <span class='ocrx_word' id='word_1_251' title='bbox 1593 3663 1658 3726; x_wconf 90' lang='lat' dir='ltr'><strong>in</strong></span> <span class='ocrx_word' id='word_1_252' title='bbox 1704 3663 1876 3728; x_wconf 83' lang='lat' dir='ltr'><strong>exitu</strong></span> <span class='ocrx_word' id='word_1_253' title='bbox 1926 3662 2138 3728; x_wconf 86' lang='lat' dir='ltr'><strong>deleta</strong></span> <span class='ocrx_word' id='word_1_254' title='bbox 2183 3661 2585 3727; x_wconf 85' lang='lat' dir='ltr'><strong>aecusativus</strong></span> <span class='ocrx_word' id='word_1_255' title='bbox 2627 3659 2842 3742; x_wconf 86' lang='lat' dir='ltr'><strong>singu·-</strong></span> 
     </span>
     <span class='ocr_line' id='line_1_33' title="bbox 473 3759 2843 3846; baseline -0.002 -19"><span class='ocrx_word' id='word_1_256' title='bbox 473 3763 627 3827; x_wconf 87' lang='lat' dir='ltr'><strong>laris</strong></span> <span class='ocrx_word' id='word_1_257' title='bbox 662 3763 1103 3828; x_wconf 85' lang='lat' dir='ltr'><strong>femininorum</strong></span> <span class='ocrx_word' id='word_1_258' title='bbox 1136 3762 1380 3846; x_wconf 89' lang='lat' dir='ltr'><strong>primae</strong></span> <span class='ocrx_word' id='word_1_259' title='bbox 1416 3762 1860 3827; x_wconf 87' lang='lat' dir='ltr'><strong>declinationis</strong></span> <span class='ocrx_word' id='word_1_260' title='bbox 1905 3762 1987 3827; x_wconf 90' lang='lat' dir='ltr'><strong>ab</strong></span> <span class='ocrx_word' id='word_1_261' title='bbox 2033 3763 2396 3827; x_wconf 85' lang='lat' dir='ltr'><strong>accusativo</strong></span> <span class='ocrx_word' id='word_1_262' title='bbox 2422 3759 2649 3844; x_wconf 87' lang='lat' dir='ltr'><strong>plurali</strong></span> <span class='ocrx_word' id='word_1_263' title='bbox 2695 3777 2843 3824; x_wconf 87' lang='lat' dir='ltr'><strong>neu-</strong></span> 
     </span>
     <span class='ocr_line' id='line_1_34' title="bbox 472 3860 2844 3947; baseline -0.002 -21"><span class='ocrx_word' id='word_1_264' title='bbox 472 3868 711 3928; x_wconf 88' lang='lat' dir='ltr'><strong>trorum</strong></span> <span class='ocrx_word' id='word_1_265' title='bbox 754 3881 880 3926; x_wconf 87' lang='lat' dir='ltr'><strong>non</strong></span> <span class='ocrx_word' id='word_1_266' title='bbox 916 3861 1053 3944; x_wconf 90' lang='lat' dir='ltr'><strong>jam</strong></span> <span class='ocrx_word' id='word_1_267' title='bbox 1098 3869 1349 3947; x_wconf 87' lang='lat' dir='ltr'><strong>poterat</strong></span> <span class='ocrx_word' id='word_1_268' title='bbox 1395 3863 1708 3946; x_wconf 88' lang='lat' dir='ltr'><strong>dignosci.</strong></span> <span class='ocrx_word' id='word_1_269' title='bbox 1777 3862 1944 3941; x_wconf 84' lang='lat' dir='ltr'><strong>Quid</strong></span> <span class='ocrx_word' id='word_1_270' title='bbox 1988 3862 2182 3946; x_wconf 90' lang='lat' dir='ltr'><strong>igitur</strong></span> <span class='ocrx_word' id='word_1_271' title='bbox 2225 3869 2341 3945; x_wconf 87' lang='lat' dir='ltr'><strong>est,</strong></span> <span class='ocrx_word' id='word_1_272' title='bbox 2387 3881 2496 3926; x_wconf 91' lang='lat' dir='ltr'><strong>cur</strong></span> <span class='ocrx_word' id='word_1_273' title='bbox 2525 3860 2844 3939; x_wconf 89' lang='lat' dir='ltr'><strong>miremur,</strong></span> 
     </span>
     <span class='ocr_line' id='line_1_35' title="bbox 472 3961 2843 4047; baseline -0.001 -21"><span class='ocrx_word' id='word_1_274' title='bbox 472 3961 530 4026; x_wconf 89' lang='lat' dir='ltr'><strong>si</strong></span> <span class='ocrx_word' id='word_1_275' title='bbox 572 3961 904 4026; x_wconf 87' lang='lat' dir='ltr'><strong>Romanici</strong></span> <span class='ocrx_word' id='word_1_276' title='bbox 953 3982 1157 4044; x_wconf 89' lang='lat' dir='ltr'><strong>genus</strong></span> <span class='ocrx_word' id='word_1_277' title='bbox 1201 3970 1486 4028; x_wconf 90' lang='lat' dir='ltr'><strong>neutrum</strong></span> <span class='ocrx_word' id='word_1_278' title='bbox 1530 3982 1656 4028; x_wconf 89' lang='lat' dir='ltr'><strong>non</strong></span> <span class='ocrx_word' id='word_1_279' title='bbox 1701 3969 2106 4047; x_wconf 85' lang='lat' dir='ltr'><strong>receperunt,</strong></span> <span class='ocrx_word' id='word_1_280' title='bbox 2154 3962 2324 4045; x_wconf 88' lang='lat' dir='ltr'><strong>quod</strong></span> <span class='ocrx_word' id='word_1_281' title='bbox 2369 3962 2423 4025; x_wconf 91' lang='lat' dir='ltr'><strong>si</strong></span> <span class='ocrx_word' id='word_1_282' title='bbox 2471 3977 2843 4024; x_wconf 88' lang='lat' dir='ltr'><strong>conservas-</strong></span> 
     </span>
     <span class='ocr_line' id='line_1_36' title="bbox 475 4053 2846 4146; baseline -0.002 -19"><span class='ocrx_word' id='word_1_283' title='bbox 475 4066 637 4141; x_wconf 89' lang='lat' dir='ltr'><strong>sent,</strong></span> <span class='ocrx_word' id='word_1_284' title='bbox 682 4080 911 4126; x_wconf 86' lang='lat' dir='ltr'><strong>novam</strong></span> <span class='ocrx_word' id='word_1_285' title='bbox 944 4060 1365 4126; x_wconf 87' lang='lat' dir='ltr'><strong>distinctionis</strong></span> <span class='ocrx_word' id='word_1_286' title='bbox 1392 4063 1664 4128; x_wconf 87' lang='lat' dir='ltr'><strong>formam</strong></span> <span class='ocrx_word' id='word_1_287' title='bbox 1694 4061 2064 4129; x_wconf 90' lang='lat' dir='ltr'><strong>debuissent</strong></span> <span class='ocrx_word' id='word_1_288' title='bbox 2098 4053 2383 4146; x_wconf 54' lang='lat' dir='ltr'><strong>fingeres</strong></span> <span class='ocrx_word' id='word_1_289' title='bbox 2423 4060 2846 4125; x_wconf 85' lang='lat' dir='ltr'><strong>Abolescente</strong></span> 
     </span>
     <span class='ocr_line' id='line_1_37' title="bbox 472 4161 2843 4245; baseline -0.001 -19"><span class='ocrx_word' id='word_1_290' title='bbox 472 4161 667 4245; x_wconf 87' lang='lat' dir='ltr'><strong>igitur</strong></span> <span class='ocrx_word' id='word_1_291' title='bbox 712 4179 789 4226; x_wconf 93' lang='lat' dir='ltr'><strong>eo</strong></span> <span class='ocrx_word' id='word_1_292' title='bbox 834 4181 1087 4243; x_wconf 85' lang='lat' dir='ltr'><strong>genere,</strong></span> <span class='ocrx_word' id='word_1_293' title='bbox 1130 4163 1301 4244; x_wconf 87' lang='lat' dir='ltr'><strong>quod</strong></span> <span class='ocrx_word' id='word_1_294' title='bbox 1328 4163 1569 4228; x_wconf 83' lang='lat' dir='ltr'><strong>Pettius</strong></span> <span class='ocrx_word' id='word_1_295' title='bbox 1612 4165 1678 4228; x_wconf 88' lang='lat' dir='ltr'><strong>in</strong></span> <span class='ocrx_word' id='word_1_296' title='bbox 1705 4163 1950 4228; x_wconf 88' lang='lat' dir='ltr'><strong>Erschii</strong></span> <span class='ocrx_word' id='word_1_297' title='bbox 1998 4167 2062 4227; x_wconf 89' lang='lat' dir='ltr'><strong>et</strong></span> <span class='ocrx_word' id='word_1_298' title='bbox 2106 4161 2374 4228; x_wconf 83' lang='lat' dir='ltr'><strong>Gruberi</strong></span> <span class='ocrx_word' id='word_1_299' title='bbox 2411 4161 2843 4244; x_wconf 81' lang='lat' dir='ltr'><strong>Encyclopae-</strong></span> 
     </span>
     <span class='ocr_line' id='line_1_38' title="bbox 476 4260 2847 4345; baseline -0.001 -19"><span class='ocrx_word' id='word_1_300' title='bbox 476 4261 585 4326; x_wconf 86' lang='lat' dir='ltr'><strong>dia</strong></span> <span class='ocrx_word' id='word_1_301' title='bbox 609 4267 929 4344; x_wconf 89' lang='lat' dir='ltr'><strong>postremo</strong></span> <span class='ocrx_word' id='word_1_302' title='bbox 970 4262 1179 4327; x_wconf 88' lang='lat' dir='ltr'><strong>fictum</strong></span> <span class='ocrx_word' id='word_1_303' title='bbox 1226 4283 1369 4328; x_wconf 87' lang='lat' dir='ltr'><strong>esse</strong></span> <span class='ocrx_word' id='word_1_304' title='bbox 1402 4263 1792 4345; x_wconf 87' lang='lat' dir='ltr'><strong>comprobat,</strong></span> <span class='ocrx_word' id='word_1_305' title='bbox 1825 4263 2068 4328; x_wconf 88' lang='lat' dir='ltr'><strong>formae</strong></span> <span class='ocrx_word' id='word_1_306' title='bbox 2104 4260 2574 4327; x_wconf 84' lang='lat' dir='ltr'><strong>similitudinem</strong></span> <span class='ocrx_word' id='word_1_307' title='bbox 2607 4265 2847 4338; x_wconf 84' lang='lat' dir='ltr'><strong>secuta,</strong></span> 
     </span>
     <span class='ocr_line' id='line_1_39' title="bbox 477 4360 2845 4446; baseline -0 -21"><span class='ocrx_word' id='word_1_308' title='bbox 477 4367 641 4444; x_wconf 74' lang='lat' dir='ltr'><strong>quae</strong></span> <span class='ocrx_word' id='word_1_309' title='bbox 684 4361 994 4442; x_wconf 89' lang='lat' dir='ltr'><strong>singulari</strong></span> <span class='ocrx_word' id='word_1_310' title='bbox 1037 4362 1331 4428; x_wconf 89' lang='lat' dir='ltr'><strong>solebant</strong></span> <span class='ocrx_word' id='word_1_311' title='bbox 1370 4363 1643 4446; x_wconf 82' lang='lat' dir='ltr'><strong>proferri</strong></span> <span class='ocrx_word' id='word_1_312' title='bbox 1685 4368 1910 4428; x_wconf 87' lang='lat' dir='ltr'><strong>neutra</strong></span> <span class='ocrx_word' id='word_1_313' title='bbox 1953 4363 2016 4428; x_wconf 91' lang='lat' dir='ltr'><strong>in</strong></span> <span class='ocrx_word' id='word_1_314' title='bbox 2059 4363 2444 4442; x_wconf 87' lang='lat' dir='ltr'><strong>masculina,</strong></span> <span class='ocrx_word' id='word_1_315' title='bbox 2501 4379 2668 4442; x_wconf 87' lang='lat' dir='ltr'><strong>quae</strong></span> <span class='ocrx_word' id='word_1_316' title='bbox 2709 4360 2845 4443; x_wconf 87' lang='lat' dir='ltr'><strong>plu-</strong></span> 
     </span>
     <span class='ocr_line' id='line_1_40' title="bbox 477 4460 1614 4530; baseline -0.004 0"><span class='ocrx_word' id='word_1_317' title='bbox 477 4460 599 4530; x_wconf 84' lang='lat' dir='ltr'><strong>rali</strong></span> <span class='ocrx_word' id='word_1_318' title='bbox 642 4460 708 4525; x_wconf 89' lang='lat' dir='ltr'><strong>in</strong></span> <span class='ocrx_word' id='word_1_319' title='bbox 751 4460 1057 4528; x_wconf 86' lang='lat' dir='ltr'><strong>feminina</strong></span> <span class='ocrx_word' id='word_1_320' title='bbox 1098 4479 1409 4529; x_wconf 87' lang='lat' dir='ltr'><strong>conversa</strong></span> <span class='ocrx_word' id='word_1_321' title='bbox 1448 4467 1614 4528; x_wconf 85' lang='lat' dir='ltr'><strong>sunt.</strong></span> 
     </span>
    </p>
   </div>
  </div>
 </body>
</html>
