3300 5042
1266 363 1674 431 -35-

1412 537 1528 609 ΙΙΙ.

759 679 1084 762 significatio
1127 679 1250 766 quid
1289 680 1516 746 valuerit
1556 678 1624 744 ad
1667 699 1834 763 genus
1877 679 2199 745 mutandum.

455 828 539 894 Ut
609 829 853 896 formae
907 830 1251 922 plurimum
1315 830 1707 897 contulerunt
1767 829 1848 896 ad
1907 849 2145 914 genera
2187 830 2644 915 constituenda,

307 927 391 992 ita
428 928 915 1012 significationis
974 931 1251 1014 aliquam
1313 931 1510 997 fuisse
1554 931 1680 996 vim
1723 930 1840 996 viri
1885 931 2052 1014 docti¹
2094 931 2516 1000 verisimiliter
2557 934 2649 1000 vi-

312 1027 513 1094 dentur
557 1031 943 1113 coniecisse,
987 1038 1327 1118 propterea
1368 1032 1536 1116 quod
1580 1052 1721 1098 cum
1763 1033 1824 1098 in
1871 1032 2159 1099 omnibus
2200 1033 2387 1100 rebus
2430 1034 2644 1100 buma-

314 1127 427 1210 nis‚
489 1136 627 1196 tum
680 1131 746 1196 in
789 1132 1009 1216 lingua
1050 1135 1309 1202 multum
1355 1131 1590 1199 rationi
1633 1140 1732 1198 est
1771 1133 2185 1199 tribuendum.
2269 1133 2413 1200 Jam
2456 1134 2647 1219 prisci

308 1228 595 1312 Romani,
654 1233 707 1297 si
754 1233 904 1299 duo
949 1240 1127 1299 erant
1168 1233 1448 1300 eiusdem
1492 1232 1706 1317 stirpis
1749 1234 2280 1300 substantivorum
2324 1234 2647 1318 formae,

302 1349 745 1415 nonnunquam
799 1333 899 1399 his
969 1334 1053 1400 ad
1118 1332 1771 1418 significationis
1829 1332 2379 1401 differentiam
2435 1335 2646 1420 expri-

300 1431 591 1497 mendam
635 1432 733 1498 usi
778 1441 941 1500 sunt.
1012 1435 1331 1526 Imprimis
1403 1434 1732 1502 arbores
1806 1441 1871 1499 et
1931 1434 2150 1518 ligna
2206 1435 2354 1504 inde
2397 1444 2648 1521 sumpta

303 1530 665 1616 plerumque
707 1534 797 1599 ita
838 1535 1384 1620 distinguebantur
1404 1585 1420 1618 ‚
1474 1541 1543 1602 ut
1591 1535 1742 1601 illae
1784 1534 2082 1601 feminino
2124 1555 2356 1619 genere
2404 1537 2469 1602 in
2509 1544 2648 1620 ,us‘,

303 1628 453 1697 haec
496 1639 723 1700 neutro
767 1634 832 1701 in
876 1639 1023 1715 ,um‘
1066 1635 1441 1717 desinerent,
1485 1636 1564 1702 cf.
1606 1636 1766 1702 Neu.
1791 1636 1929 1704 530.
2013 1635 2262 1702 Deinde
2302 1639 2561 1703 vallus
2587 1644 2650 1703 et

301 1733 595 1798 vallum
639 1736 811 1820 apud
852 1719 1157 1821 plurimos
1198 1744 1486 1805 auctores
1527 1737 1690 1802 inter
1747 1755 1818 1802 se
1882 1735 2203 1817 differunt,
2270 1755 2649 1820 quamquam

302 1829 537 1899 Caesar
579 1836 955 1920 compluries
998 1838 1409 1904 masculinum
1449 1857 1568 1923 pro
1612 1842 1832 1903 neutro
1888 1836 2094 1920 ponit,
2159 1834 2239 1902 cf.
2282 1834 2555 1902 indicem
2596 1856 2648 1904 s.

301 1950 355 1994 v.
394 1935 696 2016 ‚vallum‘.
761 1938 842 2003 Et
882 1939 1130 2020 ,vallus‘
1157 1940 1407 2022 quidem
1437 1938 1517 2004 de
1544 1957 1671 2003 uno
1714 1938 1864 2022 palo
1911 1937 1994 2003 ad
2035 1935 2435 2004 muniendum
2477 1943 2648 2022 apte,

304 2035 578 2112 ,vallum‘
615 2057 805 2104 sensu
831 2039 1159 2106 collective
1186 2039 1266 2104 de
1308 2041 1691 2104 munimento
1729 2057 1817 2103 ex
1857 2037 2070 2104 multis
2111 2036 2279 2121 palis
2324 2044 2649 2104 constante

309 2132 653 2217 dicebatur3
725 2159 760 2204 e
826 2141 1139 2206 contrario
1190 2143 1419 2225 pilus
1468 2138 1818 2206 masculino
1863 2159 2095 2224 genere
2138 2138 2218 2204 de
2270 2139 2528 2205 cohorte
2571 2159 2652 2206 ex

310 2234 569 2320 singulis
594 2238 762 2323 pilis,
807 2240 942 2306 sive
986 2241 1195 2325 potius
1238 2241 1593 2311 hominibus
1636 2238 1786 2324 pilis
1829 2239 2092 2305 armatis
2136 2245 2480 2306 constante.
2547 2239 2650 2305 In-

308 2335 537 2418 spicias
600 2341 873 2425 exempli
932 2361 1132 2408 causa
1186 2340 1458 2408 indicem
1514 2341 1593 2408 de
1648 2342 1732 2406 iis
1789 2360 1952 2423 quae
2009 2345 2154 2405 sunt
2212 2342 2651 2426 scrupulus

310 2441 367 2500 et
404 2441 884 2525 scrupulum
927 2450 987 2507 ct
1029 2442 1109 2508 de
1154 2461 1231 2509 eo
1275 2443 1443 2526 quod
1487 2447 1581 2508 est
1622 2461 1912 2507 cancer
1951 2459 2145 2506 masc.
2191 2447 2252 2506 et
2294 2450 2496 2510 neutr.
2581 2440 2651 2507 Si

311 2536 388 2601 ad
426 2539 679 2622 linguas
721 2541 1103 2609 recentiores
1146 2552 1531 2628 spectamus,
1570 2540 1944 2626 saepissime
1988 2560 2226 2625 genera
2269 2542 2526 2608 diversa
2566 2542 2651 2608 ad

312 2637 745 2706 subtilissimas
790 2642 1224 2710 distinctiones
1268 2644 1700 2727 designandas
1744 2642 1978 2726 optime
2020 2643 2312 2726 usurpari
2343 2643 2648 2708 videmus.

465 2742 557 2808 Ac
599 2742 801 2826 primo
844 2741 1009 2808 hanc
1052 2743 1511 2810 distinctionem
1559 2743 1888 2811 clariorem
1933 2742 2067 2808 fieri
2110 2743 2174 2808 in
2237 2742 2650 2828 epicoenis

316 2834 621 2908 bominum
680 2849 741 2910 et
799 2843 1117 2910 brutorum
1162 2845 1525 2911 animalium
1580 2842 2018 2929 appellativis,
2089 2863 2323 2927 genere
2377 2843 2650 2910 naturali

317 2941 673 3025 postulante,
722 2935 1170 3012 necesse‘erat.
1242 2946 1456 3010 Pauca
1499 2944 1795 3028 colligam
1840 2943 2173 3025 vocabula,
2215 2961 2399 3026 quae,
2444 2942 2647 3028 primo

327 3035 640 3124 epicoena,
700 3051 930 3128 postea
990 3043 1054 3109 in
1111 3045 1525 3110 masculinum
1589 3051 1651 3109 et
1716 3043 2096 3109 femininum·
2143 3049 2445 3128 separata
2485 3049 2647 3109 sunt.

321 3133 569 3224 Lupus
592 3142 665 3210 de
688 3145 922 3211 femina
945 3144 1227 3211 Naevius
1248 3145 1311 3208 in
1338 3144 1596 3209 fabulae
1620 3144 1800 3210 titulo
1831 3145 2180 3228 (‚Romulus
2203 3144 2338 3210 sive
2366 3143 2650 3228 Lupus‘),

314 3236 510 3324 ‚lupus
572 3243 827 3319 femina‘
889 3245 1161 3326 Ennius,
1227 3242 1466 3311 Fabius
1524 3243 1766 3323 Pictor,
1825 3244 2042 3310 Varro.
2100 3244 2295 3328 ,lupa‘
2349 3241 2485 3308 Liv.
2530 3247 2646 3308 etc.

315 3337 385 3406 fr.
428 3342 508 3423 ,le
551 3344 733 3430 loup,
774 3347 845 3410 la
883 3346 1109 3411 louve‘.
1152 3344 1455 3409 Porcus
1497 3342 1645 3408 fem.
1690 3364 1834 3428 gen.
1881 3345 2037 3410 Cato
2084 3364 2162 3409 ac
2203 3343 2333 3410 Cic.
2378 3348 2648 3427 ‚porcus‘

315 3437 387 3504 de
416 3442 654 3512 femina
677 3445 804 3512 Cic.
831 3445 989 3524 Liv.,
1024 3445 1152 3511 alii.
1199 3465 1413 3530 ,porca
1440 3447 1651 3510 caesa‘
1680 3446 1866 3528 Verg.
1913 3446 1992 3510 cf.
2023 3444 2182 3510 Neu.
2208 3443 2348 3512 617.
2393 3443 2550 3508 Inde
2581 3443 2647 3508 it.

312 3558 549 3626 ,porco,
604 3550 841 3630 porca‘.
925 3545 1002 3610 Id
1045 3544 1210 3629 quod
1258 3552 1355 3611 est
1394 3565 1587 3630 aper
1627 3552 1689 3612 et
1732 3545 1812 3612 de
1855 3545 2131 3610 maribus
2175 3549 2237 3610 et
2277 3543 2358 3608 de
2399 3542 2650 3610 feminis

310 3645 592 3728 usurpari
638 3645 837 3712 Varro
882 3651 1361 3727 commemorat,
1432 3650 1494 3710 et
1550 3646 1779 3729 legitur
1820 3649 2021 3731 ,aper‘
2063 3644 2143 3710 de
2185 3642 2434 3708 feminis
2480 3642 2649 3728 apud

306 3742 573 3811 Phaedr.
620 3745 759 3812 Val.
786 3745 953 3811 Max.
992 3747 1156 3812 Petr.
1202 3754 1317 3812 etc.
1361 3766 1526 3831 apra
1566 3746 1726 3813 Plin.
1771 3746 1912 3815 Sec.
1947 3766 2049 3831 ap.
2092 3746 2289 3811 Prisc.
2313 3745 2394 3812 H.
2419 3747 2475 3827 1,
2505 3743 2648 3826 233,

304 3845 384 3912 cf.
406 3846 585 3911 Neue
618 3846 759 3914 610.
826 3845 1080 3932 Lepus
1124 3847 1327 3930 primo
1370 3865 1564 3913 masc.
1612 3847 1801 3912 etiam
1845 3847 1924 3914 de
1966 3846 2217 3913 feminis
2258 3844 2648 3930 parientibus

304 3946 402 4010 vel
448 3946 966 4032 concipientibus,
1015 3947 1159 4012 fem.
1203 3947 1355 4012 Hor.
1401 3965 1587 4012 serm.
1631 3948 1693 4029 2,
1734 3949 1794 4028 4,
1837 3949 1939 4014 44.
2003 3947 2084 4012 cf.
2125 3947 2287 4012 Neu.
2325 3945 2465 4013 614.
2523 3965 2648 4010 ca-

300 4043 571 4112 ballus
610 4066 803 4114 masc.
862 4048 1111 4113 caballa
1154 4047 1232 4114 de
1277 4046 1535 4114 muliere
1577 4047 1830 4112 Anthol.
1873 4046 1945 4113 L.
1971 4047 2054 4128 II,
2097 4047 2220 4114 268
2263 4046 2462 4130 epigr.
2507 4043 2648 4112 186.

299 4145 398 4210 Ea
440 4147 630 4230 igitur
672 4149 812 4212 sola
857 4147 1159 4214 animalia
1199 4148 1402 4233 primo
1447 4166 1682 4236 genere
1714 4148 2126 4230 grammatico
2161 4149 2306 4212 sunt
2333 4144 2649 4226 distincta,

299 4264 565 4329 quorum
610 4267 809 4330 genus
851 4249 1137 4314 naturale
1179 4254 1249 4313 ut
1282 4247 1733 4324 discernerent,
1777 4247 2064 4314 homines
2106 4252 2215 4313 aut
2255 4251 2390 4311 tota
2435 4243 2648 4328 specie

297 4346 545 4412 bestiae
589 4354 654 4413 et
691 4347 905 4415 indole
947 4349 1403 4417 adducerentur
1446 4352 1555 4413 aut
1594 4366 1712 4415 usu
1755 4347 2076 4416 cotidiano
2116 4353 2180 4415 et
2221 4365 2338 4414 sua
2379 4343 2648 4412 utilitate

297 4453 693 4531 cogerentur.
