3300 5042
1451 313 1852 401 -8-.’

447 532 615 580 mam
671 512 1005 579 transiisse
1052 506 1570 594 declinationem,
1630 513 1935 582 nonnulla
1987 513 2341 579 masculina
2398 520 2461 581 et
2514 512 2819 579 feminina

447 614 690 697 primae
717 612 1160 679 declinationis
1194 614 1448 681 diverso
1491 614 1712 697 generi
1753 615 2055 679 attributa
2100 634 2241 679 esse
2267 620 2415 698 post
2442 614 2817 681 videbimus,

612 714 836 795 Neque
881 712 1002 779 hoc
1033 713 1280 779 videtur
1313 734 1454 779 esse
1477 714 2131 799 praetermittendum,
2174 715 2251 779 in
2300 734 2589 797 magno
2634 732 2815 779 neu-

449 819 749 879 trorum
791 834 1108 881 numero
1154 802 1398 898 longe
1443 834 1585 881 esse
1622 814 2109 896 dubitatum,
2166 814 2377 897 quod
2422 814 2815 897 potissimum

447 934 694 997 genus
737 921 1292 996 sequerentur.
1358 916 1438 979 Et
1465 915 1704 981 formas
1730 915 2115 981 masculinas
2150 934 2191 979 a
2222 914 2531 997 singulari
2567 918 2817 979 neutro·

447 1034 604 1094 rum,
641 1014 980 1081 femininae
1007 1034 1048 1079 a
1070 1015 1300 1098 plurali
1326 1022 1498 1081 ortas
1522 1036 1664 1083 esse
1687 1014 1854 1081 infra
1876 1014 2456 1099 comprobabimus.
2510 1014 2667 1079 Inde
2688 1014 2816 1079 fac-

445 1120 576 1179 tum
621 1120 750 1193 est,
803 1121 872 1179 ut
914 1116 1490 1181 nonnullae-voces
1534 1116 1617 1181 ad
1664 1117 1827 1181 alias
1869 1117 1997 1181 alio
2041 1134 2277 1197 genere
2308 1115 2563 1197 linguas
2602 1134 2817 1179 recen-

445 1214 640 1280 tiores
681 1223 1206 1299 propagarentur.
1281 1217 1624 1281 Praeterea
1666 1216 1826 1281 haec
1870 1215 2190 1298 duplicum
2232 1216 2575 1279 formarum
2620 1215 2816 1279 abun-

448 1314 666 1380 dantia
691 1316 1074 1397 RomaniciS,
1109 1316 1419 1401 imprimis
1443 1316 1703 1397 Italicis,
1733 1314 2169 1381 felicissimam
2193 1315 2545 1399 praebebat
2568 1315 2817 1399 copiam

445 1414 806 1481 subtiliores
832 1415 1350 1499 significationes,
1379 1418 1721 1501 praecipue
1749 1416 1814 1481 in
1840 1435 2099 1481 numero
2123 1414 2373 1498 plurali,
2402 1414 2817 1501 exprimendi.

446 1516 736 1581 Ceterum
783 1515 866 1579 ab
905 1516 1061 1598 ipsis
1105 1517 1407 1582 Romanis
1466 1518 1530 1581 in
1575 1516 1807 1601 plurali
1864 1516 2203 1581 nonnullas
2252 1536 2443 1581 voces
2498 1535 2735 1599 genere
2777 1534 2818 1579 a

444 1615 752 1699 singulari
796 1614 1078 1697 diverso,
1138 1618 1286 1700 quin
1333 1618 1524 1683 etiam
1565 1637 1694 1681 nou
1736 1636 1979 1701 paucas
2025 1615 2265 1699 duplici
2309 1615 2632 1681 adhibitas
2676 1634 2817 1681 esse

442 1716 684 1780 Neuius
727 1735 877 1799 pag.
921 1716 1046 1785 540
1087 1737 1182 1800 sq.
1222 1723 1358 1782 'tam
1415 1718 1626 1781 multis
1687 1714 2084 1784 confirmavit
2141 1717 2479 1799 exemplis,
2542 1723 2610 1783 ut
2664 1716 2818 1781 mihi

445 1815 854 1883 omittendum
899 1816 1018 1898 sit,
1076 1818 1450 1901 praesertim
1497 1836 1636 1882 cum
1682 1836 2055 1901 persuasum
2098 1816 2407 1898 babeam,
2455 1836 2609 1881 casu
2654 1817 2815 1882 acci·

444 1918 616 1983 disse
661 1924 760 1999 ut,
819 1936 982 1999 quae
1025 1915 1205 1982 initio
1263 1926 1530 2000 utroque
1574 1918 1934 2003 promiscue
1991 1919 2247 2002 prolata
2291 1925 2505 1981 essent
2561 1936 2818 2001 genere,

445 2017 620 2083 aliud
663 2018 726 2082 in
773 2017 1100 2098 singulari,
1160 2017 1335 2083 aliud
1378 2018 1442 2083 in
1488 2018 1719 2103 plurali
1766 2037 1967 2101 genus
2012 2018 2251 2083 sensim
2296 2017 2678 2101 acciperent.
2742 2018 2817 2081 In

441 2118 712 2201 singulis
770 2124 980 2181 autem
1034 2118 1268 2201 linguis
1311 2118 1677 2183 Romanicis
1734 2117 2003 2182 similem
2062 2117 2392 2183 observari
2448 2116 2817 2183 varietatem

443 2224 506 2285 et
547 2220 746 2284 multa
789 2218 1189 2283 substantiva
1231 2226 1452 2283 nostra
1497 2222 1708 2283 aetate
1752 2218 1879 2283 alio
1915 2217 2193 2301 proferri
2239 2236 2475 2299 genere
2520 2237 2708 2300 quam
2754 2218 2817 2282 in

441 2320 702 2402 linguae
745 2318 1135 2401 primordiiS,
1183 2324 1251 2383 ut
1292 2318 1598 2383 illustrem
1646 2336 1684 2381 a
1728 2319 2056 2401 proposito
2106 2338 2249 2383 meo
2293 2319 2495 2383 abest.
2582 2318 2815 2395 Quam-

442 2438 630 2503 quam
675 2418 1018 2504 praecipue
1063 2418 1123 2483 in
1169 2418 1390 2501 lingua
1424 2416 1889 2501 francogallica
1930 2417 1996 2482 id
2042 2418 2230 2483 modo
2268 2418 2661 2501 singulorum
2705 2438 2815 2484 no·

441 2520 675 2586 minum
720 2538 925 2601 genus
969 2518 1120 2582 mihi
1165 2517 1630 2601 respiciendum
1678 2526 1807 2599 est,
1866 2517 2035 2601 quod
2080 2518 2291 2602 prisca
2336 2524 2545 2585 aetate
2590 2525 2816 2603 exstat,

442 2621 509 2685 id
554 2618 723 2703 quod
779 2624 1005 2704 postea
1064 2618 1384 2683 hominum
1443 2620 1667 2702 lingua
1712 2618 1943 2684 Latina
1996 2618 2381 2685 eruditorum
2440 2619 2817 2686 auctoritate

443 2726 764 2803 receptum
809 2723 932 2800 est,
975 2717 1058 2783 ad
1105 2720 1433 2784 materiam
1479 2738 1687 2784 meam
1732 2736 1857 2783 non
1904 2722 2195 2804 pertinet.

605 2820 734 2885 Sed
787 2838 1190 2902 quae-supra
1247 2818 1381 2883 dixi
1423 2820 1644 2903 paucis
1700 2820 2088 2885 confirmabo
2134 2819 2461 2904 exemplis.
2559 2818 2820 2884 Gavus

439 2920 664 2998 Varro,
689 2919 819 3000 alii,
845 2917 977 2983 ital.
1006 2938 1182 2984 cavo.
1231 2941 1386 2984 cava
1411 2919 1624 2984 Grom.
1653 2926 1793 3001 etc.,
1818 2920 1885 2983 it.
1913 2939 2091 3001 cava,
2120 2920 2387 3003 hispan,
2417 2919 2609 3001 lusit„
2638 2938 2816 3002 prov.

441 3041 620 3101 cava,
646 3019 845 3085 franc.
877 3037 1064 3098 cave3
1111 3020 1992 3100 cerebellusOribaS.etc.,
2027 3021 2596 3085 masc.Romanici.
2656 3040 2817 3085 cere-

440 3122 605 3187 bella
625 3118 835 3185 versio
860 3118 1084 3185 Galeni
1107 3126 1246 3201 etc.,
1275 3120 1342 3185 it.
1368 3120 1530 3203 plur.
1557 3121 1834 3187 cervella
1859 3127 2008 3201 etc.;
2036 3122 2349 3186 debitus
2368 3121 2503 3186 Lex
2526 3121 2656 3186 Sal.
2676 3125 2817 3199 etc„

436 3221 505 3287 it.
551 3221 783 3287 debito.
871 3220 1078 3286 debita
1119 3220 1310 3285 Thes.
1355 3218 1512 3287 nov.
1545 3221 1685 3286 Lat.
1730 3220 1857 3285 Mai
1902 3240 2051 3304 pag.
2095 3220 2246 3303 268,
2292 3221 2538 3305 hispan.
2576 3219 2815 3285 denda.

439 3322 637 3386 franc.
681 3320 869 3386 debte
915 3340 1136 3386 comm.
1184 3319 1584 3405 Montaigne,
1639 3326 1859 3386 nostra
1903 3327 2112 3386 aetate
2160 3319 2331 3385 dette
2375 3321 2553 3401 fem.;
2595 3321 2819 3403 filus

440 3422 657 3487 Lucan
684 3427 822 3503 etc„
847 3422 1059 3487 franc.
1083 3418 1148 3486 fil
1184 3427 1299 3487 etc.
1339 3422 1474 3504 fila
1497 3420 1767 3504 capitul.
1798 3420 2009 3486 Caroli
2048 3441 2105 3484 a.
2128 3421 2269 3503 790,
2307 3420 2505 3486 franc.
2534 3418 2640 3486 file
2663 3427 2816 3501 etc.;

427 3523 704 3605 solius
747 3521 956 3589 Gloss,
983 3523 1200 3605 Sang.,
1245 3522 1311 3586 it.
1349 3520 1568 3605 foglio.
1643 3520 1826 3603 folia
1862 3520 2085 3586 Isidor.
2112 3527 2263 3602 etc.,
2308 3521 2373 3585 it.
2420 3521 2623 3604 foglia
2667 3526 2815 3599 ete.;

441 3624 712 3708 liqnue
754 3622 1122 3703 Gromatici,
1166 3621 1352 3703 Itala,
1397 3622 1460 3685 it.
1498 3618 1692 3704 legno
1735 3628 1853 3686 etc.
1920 3623 2095 3706 liqna
2136 3620 2285 3685 inde
2329 3641 2371 3685 a
2412 3622 2671 3687 saeculo
2714 3640 2816 3685 oc-

438 3728 618 3803 tav0,
661 3722 727 3788 it.
773 3722 968 3805 legna
1013 3729 1130 3788 etc.
1219 3724 1316 3787 De
1360 3722 1438 3785 iis
1469 3740 1631 3803 quae
1678 3728 1822 3785 sunt
1864 3741 2218 3806 orqanus
2260 3728 2323 3787 et
2364 3740 2610 3807 orqana
2651 3719 2819 3785 infra

441 3822 670 3887 dicam.
757 3823 1068 3888 Pauciora
1120 3842 1244 3887 uno
1301 3827 1446 3887 sunt
1504 3840 1740 3905 genere
1796 3840 1837 3885 a
1878 3823 2242 3887 Romanicis
2299 3827 2589 3905 recepta,
2646 3821 2819 3887 velut

427 3923 808 4006 judicius
849 3921 1149 3987 Formula
1173 3922 1621 4005 AndegavenS.
1653 3928 1793 4005 etc„
1836 3923 1902 3987 it.
1950 3922 2248 4005 giudicio.
2300 3924 2560 3999 judicia
2580 3922 2818 3987 Charta

439 4023 596 4087 itala
640 4042 696 4087 a.
744 4022 896 4103 9913
923 4022 1182 4107 juqus
1219 4021 1386 4087 Itala
1430 4029 1568 4105 etc,
1614 4022 1677 4086 it.
1725 4023 1923 4106 giogo
1968 4027 2085 4087 etc.
2110 4024 2337 4108 juyias
2382 4022 2619 4087 Charta
2661 4022 2819 4086 itala

442 4142 503 4189 a.
547 4122 668 4189 761
714 4127 833 4187 etc.

606 4220 854 4287 Deinde
895 4221 1260 4301 ostendam,
1323 4241 1518 4305 saepe
1569 4222 1959 4290 feminina
2004 4223 2134 4287 vel
2187 4219 2638 4287 masculina
2680 4238 2818 4302 per

443 4322 770 4387 formam
835 4324 1282 4387 neutralem
1339 4321 1657 4387 in-medio
1700 4322 1974 4406 positam
2034 4323 2131 4387 ad
2190 4340 2438 4406 genus
2496 4326 2817 4385 contra-

441 4420 639 4489 rium
695 4422 1159 4493 transiisse,
1247 4421 1527 4492 Facilius
1584 4428 1796 4493 autem
1854 4442 1891 4495 e
1946 4424 2185 4497 neutris
2241 4430 2303 4495 et
2359 4420 2713 4519 masculina
2756 4424 2819 4495 et
