3300 5042
1541 295 1952 366 „23-

567 497 693 544 uno
738 475 1029 545 aedificio
1071 497 1133 559 ,a
1177 477 1623 544 fundamentis‘
1667 477 1766 544 bis
1811 479 1979 545 Mon.
2029 480 2185 547 Ven.
2229 480 2386 546 Doc.
2432 479 2501 558 2,
2546 479 2628 547 29
2685 499 2744 544 a.
2785 481 2927 550 874.

569 599 629 658 ,a
675 577 1106 644 fundamenta‘
1161 599 1222 663 p.
1268 579 1351 646 23
1403 598 1463 643 a.
1505 579 1647 646 853.
1716 579 2151 660 ,fundamenta
2196 581 2420 646 domus
2463 581 2721 666 incepit‘
2763 582 2926 646 Aun.

568 679 755 744 Corb.
804 679 885 744 M.
932 679 1007 743 G.
1056 679 1121 744 S.
1169 679 1518 759 3,17,52.
1563 680 1786 745 eodem
1829 680 2016 746 modo
2061 681 2318 765 saepius
2360 682 2646 765 Agnell.‚
2693 680 2927 746 Chron.

566 780 713 862 Ait,
756 778 933 844 multi
978 778 1168 848 medii
1213 779 1355 845 aevi
1400 781 1762 864 scriptores
1807 781 1964 848 Inde
1988 781 2053 847 it
2084 782 2245 867 plur.
2279 782 2423 848 t’em.
2455 781 2926 864 ,fondamenta‘.

563 880 755 965 prisc.
799 879 962 963 hisp.
1010 885 1073 944 et
1116 881 1234 944 lus.
1281 880 1882 962 ,fondamenta‘n—

725 982 1202 1064 patrocinia
1263 980 1491 1048 Chron.
1561 983 1688 1046 Alt.
1757 1001 1818 1065 p.
1863 981 1964 1064 25,
2008 983 2049 1049 8
2105 989 2221 1048 etc.
2294 982 2610 1065 ,praebuit
2667 1003 2928 1048 sacra-

564 1085 847 1148 menta‘
906 1081 1281 1166 saepissime
1343 1088 1642 1165 tanquam
1700 1081 1972 1147 formula
2025 1083 2349 1150 sollemnis
2392 1083 2456 1147 in
2503 1083 2740 1149 chartis
2785 1103 2925 1150 sae·

566 1183 690 1250 culi
735 1182 903 1272 sexti,
930 1201 1032 1266 ap.
1078 1181 1323 1268 Marini.
1368 1219 1449 1230 --
1494 1183 1950 1266 sollemnia,
1992 1184 2334 1268 praecipue
2379 1185 2735 1265 ,sollemnia
2777 1183 2926 1248 mis·

566 1293 795 1350 sarum‘
856 1282 1227 1368 saepissime
1286 1303 1328 1348 a
1378 1283 1635 1349 saeculo
1692 1283 1959 1368 septimo
2011 1284 2178 1349 Mon.
2224 1285 2301 1349 G.
2344 1285 2409 1350 S.
2454 1286 2508 1366 I,
2553 1285 2730 1350 alias.
2799 1283 2926 1349 Vit.

567 1385 635 1450 S.
678 1385 848 1450 Galli
907 1383 1078 1448 circa
1134 1403 1189 1449 a.
1235 1383 1359 1451 759
1412 1383 1493 1448 Μ.
1540 1384 1615 1449 G.
1663 1385 1726 1448 S.
1771 1385 1831 1468 2,
1879 1386 1976 1466 14,
2033 1387 2103 1466 43
2169 1386 2556 1468 ,sollemniis‘
2604 1384 2799 1451 Uson.
2845 1384 2927 1450 de

565 1485 815 1565 Mirac.,
883 1484 1017 1568 qui·
1048 1483 1255 1550 medio
1314 1503 1481 1550 nono
1526 1484 1781 1550 saeculo
1826 1486 2108 1569 scripsit,
2163 1485 2246 1549 M.
2288 1487 2362 1551 G.
2408 1485 2473 1551 S.
2507 1485 2568 1566 2,
2616 1486 2717 1567 51,
2761 1485 2821 1563 2,
2866 1484 2926 1553 9.

565 1585 804 1652 Charta
834 1585 1063 1650 Abbat.
1105 1584 1338 1649 Turon.
1385 1604 1442 1650 a.
1486 1585 1609 1653 895
1665 1587 1862 1670 Bouq.
1905 1588 1964 1664 9,
2004 1585 2146 1653 708.
2205 1585 2729 1672 saepius-iisdem
2772 1592 2927 1650 tem·

516 1705 525 1714 ·
564 1685 843 1771 poribus.
870 1723 953 1732 -
994 1686 1219 1770 sepul
1233 1707 1366 1750 cra
1407 1705 1729 1754 versusa.
1760 1686 1883 1754 606
1927 1693 1989 1752 et
2028 1688 2154 1756 708
2197 1707 2298 1771 ap.
2327 1686 2576 1772 Agnell.
2605 1686 2744 1753 103.
2785 1687 2926 1754 135.

496 1831 499 1836 -
564 1825 645 1835 —
690 1807 752 1870 ,a
794 1788 1054 1852 dorsa‘
1098 1786 1330 1851 Chron.
1372 1785 1535 1851 Nov.
1580 1788 1639 1868 3,
1689 1788 1785 1853 14.
1828 1824 1912 1837 --
1977 1787 2230 1865 Quanta
2284 1789 2473 1854 fuerit
2526 1806 2925 1853 numerorum

409 1890 413 1898 '
500 1922 509 1934 =
564 1887 887 1970 confusio,
945 1906 1021 1952 eo
1066 1887 1754 1970 intellegimus,'quod
1799 1889 2134 1971 Richerus,
2193 1891 2296 1972 qui
2343 1889 2498 1954 satis
2543 1885 2820 1953 dilucido
2866 1893 2930 1952 et

564 2009 721 2073 puro
781 1994 989 2053 utatur
1045 1987 1297 2053 dicendi
1352 2007 1618 2070 genere,
1690 2008 1832 2053 eam
1887 1989 2108 2073 fugere
2151 2011 2277 2056 non
2320 1989 2539 2074 potuit.
2626 1988 2750 2067 Qui
2795 1989 2932 2052 doli

564 2110 759 2175 saepe
800 2088 1100 2175 praebet,
1162 2095 1456 2172 concepta
1500 2089 1716 2155 semel.
1783 2091 2047 2173 conficta
2086 2092 2147 2173 4,
2190 2092 2290 2160 73.
2359 2091 2699 2157 interdicta
2739 2090 2798 2172 2,
2846 2089 2930 2157 76

564 2198 681 2257 etc.
750 2189 1066 2275 suffrayia
1105 2188 1165 2272 4,
1211 2189 1311 2256 12.

730 2290 1018 2372 Denique
1071 2291 1377 2357 nonnulla
1441 2289 1862 2370 adjectiva
1913 2291 2252 2374 localia,
2322 2311 2485 2375 quae
2552 2289 2924 2354 absolute

564 2411 657 2458 ac
700 2389 1136 2476 pluraliter
1180 2391 1594 2474 ponebantur,
1640 2392 2169 2473 commemorabo,
2215 2391 2364 2475 quia
2406 2389 2556 2456 inde
2601 2391 2950 2475 complura.

563 2493 629 2556 in
671 2491 907 2574 linguis
931 2491 1292 2557 Romanicis
1337 2491 1641 2556 feminina
1684 2492 1856 2557 facta
1899 2499 2059 2558 sunt.
2146 2493 2284 2558 Hoc
2327 2511 2403 2558 eo
2448 2491 2700 2556 facilius
2726 2489 2925 2575 potuit

564 2591 732 2675 fieri,
788 2591 1055 2676 primum
1101 2592 1297 2674 quod,
1359 2599 1427 2656 ut
1482 2591 1561 2655 de
1616 2593 1894 2658 locorum
1940 2592 2332 2658 multitudine
2377 2592 2776 2672 dicebantur,
2840 2591 2932 2656 ita

566 2693 683 2758 sub
727 2712 854 2779 una
894 2693 1175 2776 regionis
1217 2692 1471 2758 notione
1507 2693 2218 2778 comprehendebantur,
2262 2691 2491 2757 deinde
2531 2693 2681 2774 quia
2714 2698 2963 2774 ,terra‘'

566 2813 691 2860 non
718 2793 925 2858 minus
960 2812 1146 2876 quam
1182 2794 1365 2870 ,loca‘
1402 2793 1742 2858 subaudita
1779 2795 1940 2860 bene
1981 2813 2121 2862 cum
2169 2794 2296 2859 illis
2333 2793 2396 2857 in
2443 2793 2696 2858 casibus
2737 2793 2928 2856 rectis

564 2894 790 2980 positis
835 2894 1141 2977 congruit.
1208 2894 1606 2976 Quamquam
1634 2893 1788 2958 mibi
1825 2913 1949 2959 non
1990 2893 2170 2960 aliter
2203 2913 2391 2978 quam
2419 2892 2591 2959 Ottio
2622 2893 2803 2975 ,loca‘
2841 2890 2928 2956 ad

563 3017 645 3064 ea
686 2997 933 3062 videtur
975 2993 1396 3077 supplendum
1440 3015 1567 3060 non
1600 3013 1763 3076 esse,
1818 2995 1952 3078 sed,
1999 3014 2162 3077 quae
2207 3001 2306 3060 est
2347 2997 2600 3078 generis
2646 2994 2931 3059 neutrius

565 3104 823 3178 natura,
868 3094 1246 3161 substantivi
1309 3096 1450 3160 loco
1508 3095 1750 3179 posita,
1809 3095 2030 3162 eodem
2086 3095 2274 3160 modo
2319 3115 2397 3160 ac
2440 3115 2556 3161 nos
2599 3096 2662 3160 in
2705 3095 2930 3178 lingua
3047 3097 3050 3102 ’

566 3196 947 3264 Germanica
988 3195 1294 3279 singulari
1340 3194 1795 3279 adjectivorum
1841 3204 2234 3279 neutrorum,
2296 3196 2630 3279 conjuncto
2676 3207 2928 3279 quoque

567 3319 705 3364 cum
750 3296 1077 3382 genetiv0,
1143 3311 1260 3380 pro
1302 3297 1697 3362 substantivo
1743 3297 1832 3362 uti
1877 3299 2170 3363 solemus.
2259 3297 2354 3363 De
2400 3317 2616 3362 eorum
2661 3295 2926 3380 adjecti-

565 3419 783 3465 vorum
847 3417 966 3463 usu
1032 3397 1200 3484 apud
1269 3397 1611 3481 scriptores
1674 3397 1935 3463 Latinos
1992 3398 2138 3464 vide
2183 3398 2490 3481 Draeger.
2535 3397 2698 3462 Hist.
2742 3397 2925 3482 Synt.

568 3504 593 3565 1
649 3503 705 3581 ξ.
752 3498 851 3580 20,
898 3497 977 3562 de
1018 3499 1244 3564 iisdem
1290 3518 1430 3564 cum
1475 3499 1772 3582 genetivo
1817 3498 2170 3581 conjunctis
2213 3501 2271 3579 ξ.
2301 3499 2445 3580 199,
2488 3500 2546 3564 4.
2615 3499 2928 3583 Equidem

565 3599 711 3665 inde
754 3618 962 3684 pauca
1004 3617 1278 3679 sumam,
1337 3619 1417 3664 ex
1461 3601 1688 3682 quibus
1732 3598 2061 3672 feminina,
2083 3600 2146 3664 in
2190 3599 2425 3682 linguis
2469 3602 2924 3667 recentioribus

474 3761 477 3764 ,
568 3710 711 3767 sunt
753 3707 911 3779 orta,
956 3701 1291 3781 nonnulliS,
1339 3719 1502 3782 quae
1544 3699 1700 3764 mihi
1747 3706 2002 3784 praesto
2047 3708 2209 3780 sunt,
2253 3701 2508 3768 additis,
2562 3739 2566 3744 Δ

732 3803 1059 3885 Draegero
1102 3801 1294 3884 igitur
1336 3800 1571 3867 diserte
1617 3810 1754 3866 erat
1797 3801 2130 3866 dicendum
2173 3809 2237 3866 et
2273 3801 2560 3886 pluribus
2593 3801 2925 3886 exemplis,

566 3923 753 3987 quam
799 3902 909 3987 (Ι2
954 3921 1103 3986 pag.
1147 3902 1302 3986 453)
1349 3895 1618 3986 attulit,
1659 3902 2132 3983 illustrandum,
2199 3922 2340 3967 eam
2387 3902 2924 3984 consuetudinem,

552 4023 759 4087 quae,
821 4003 1194 4087 praesertim
1239 4002 1533 4085 genetivo
1592 4003 1888 4086 partitive
1947 4003 2320 4088 accedente,
2387 4004 2543 4068 satis
2607 4003 2922 4088 poeticam

556 4104 762 4194 ³habel:
819 4103 1127 4188 speciem,
1194 4103 1538 4186 Vergilii
1582 4103 1889 4186 imprimis
1934 4106 2306 4169 auctoritate
2351 4105 2433 4169 ad
2476 4123 2681 4172 rerum
2727 4104 2923 4188 scrip·

560 4212 736 4284 ,tores
782 4211 1123 4289 argenteae
1168 4203 1561 4288 Latinitatis,
1618 4205 1724 4286 qui
1782 4223 2052 4288 poeseos
2109 4211 2481 4271 ornamenta
2523 4205 2777 4270 minime
2821 4225 2925 4269 as-

564 4313 938 4393 pernantur,
1019 4305 1404 4391 pervenisse.
1464 4375 1469 4380 ,
1519 4304 1703 4371 Hanc
1765 4311 2174 4386 structuram,
2253 4326 2416 4389 quae
2482 4305 2715 4389 optime
2780 4325 2922 4398 cum

567 4417 765 4476 metro
837 4407 1152 4492 dact-ylico
1217 4407 1535 4486 convenit,
1615 4426 1654 4471 a
1720 4405 1924 4490 poetis
1992 4414 2193 4473 ortam
2250 4426 2391 4472 esse
2438 4407 2573 4490 jam
2639 4405 2925 4472 Koenius
