3300 5042
1564 413 1976 494 -24-÷

758 596 872 678 ,En
917 595 1139 660 iterum
1172 595 1471 660 crudelia
1501 600 1669 662 retro
1693 596 1888 678 fata
1930 601 2176 662 vocant‘
2219 596 2330 660 sel.
2370 594 2726 679 Eurydicen
2760 595 2948 678 Verg.

594 715 694 779 ge.
739 700 799 777 4,
840 697 982 764 495.
1047 694 1242 777 ,fatis‘
1284 695 1343 778 3,
1392 697 1488 761 17.
1539 697 1634 778 10,
1678 697 1804 766 380
1845 705 1996 779 etc.,
2045 698 2205 780 sing.
2255 696 2447 761 multo
2491 697 2713 760 rarius.
2779 695 2953 774 ,fata‘

594 798 733 862 Val.
780 797 873 863 Fl.
920 815 1147 882 saepe,
1217 798 1560 883 praecipue
1630 798 1709 863 de
1771 799 1990 862 mortis
2058 798 2210 862 fato,
2254 835 2334 844 -—-
2396 797 2619 879 festa
2681 798 2760 862 de
2827 815 2952 862 uno

596 900 777 978 fest0,
824 898 991 981 quod
1034 919 1147 983 per
1192 901 1546 984 complures
1592 899 1729 964 dies
1763 900 2130 984 plerumque
2157 899 2538 978 celebratur,
2587 897 2702 964 Ov.
2736 917 2951 983 saepe,

595 1000 767 1065 velut
819 998 1076 1080 ,Idaeae
1121 1002 1284 1064 festa
1326 999 1627 1083 parentis‘
1690 999 1833 1064 fast.
1879 1000 1938 1078 4,
1987 999 2122 1066 182.
2191 999 2358 1064 adde
2407 1003 2462 1079 1,
2505 997 2648 1066 393.
2707 999 2768 1079 3,
2811 999 2952 1066 713.

595 1101 869 1183 ,festum‘
914 1101 1135 1165 eodem
1179 1120 1369 1166 sensu
1412 1099 1579 1164 idem
1612 1120 1736 1166 non
1771 1121 1934 1165 raro.
1983 1099 2208 1166 Moneo
2234 1101 2621 1183 singulorum
2651 1099 2953 1165 festorum

593 1198 852 1266 nomina
891 1201 1151 1285 propria
1191 1201 1507 1286 plurativo
1550 1221 1810 1266 numero
1854 1199 2004 1286 poni
2049 1202 2272 1267 solere.
2322 1203 2396 1265 fr.
2433 1200 2596 1281 ,sete‘
2621 1199 2768 1264 fem.
2793 1206 2909 1264 etc.

760 1301 976 1384 ,Dedit
1016 1302 1267 1386 ingrato
1313 1303 1490 1385 fila
1548 1302 1830 1384 legenda
1882 1302 2038 1367 viro‘
2094 1302 2172 1368 de
2218 1303 2500 1366 Ariadna
2543 1301 2658 1368 Ov.
2703 1300 2848 1366 fast.
2892 1302 2952 1382 3,

595 1403 748 1482 4623
816 1423 951 1486 ,pro
993 1402 1151 1467 duce
1195 1402 1303 1467 fila
1346 1402 1515 1468 dedi‘
1570 1403 1649 1468 de
1695 1403 1916 1468 eadem
1961 1403 2090 1468 her.
2136 1403 2234 1484 10,
2275 1405 2376 1470 72.
2467 1402 2955 1468 Animadvertas

592 1503 880 1569 hocloco
911 1503 1217 1588 pluralem
1244 1503 1395 1586 ,fila‘
1418 1524 1556 1570 cum
1586 1503 1896 1587 singulari
1924 1504 2126 1586 ,duce‘
2157 1503 2554 1586 conjunctum
2581 1523 2741 1585 esse,
2787 1503 2954 1568 unde

596 1605 879 1686 sequitur
942 1605 1319 1669 sententiam
1381 1605 1760 1689 plurativam
1817 1605 2072 1670 minime
2128 1605 2404 1670 voluisse
2447 1611 2700 1690 poetam
2749 1605 2953 1689 expri-

595 1724 785 1771 mere.
830 1705 981 1788 ,fila‘
1025 1705 1104 1770 de
1148 1705 1281 1772 fato
1328 1705 1492 1771 idem
1538 1708 1817 1790 saepius.
1879 1705 1996 1772 Ov.
2040 1705 2252 1786 ,filum‘
2289 1707 2481 1771 multo
2523 1707 2724 1770 rarius
2767 1726 2954 1789 quam

596 1805 763 1887 ,fila‘.

554 1973 557 1976 ,
758 1909 1003 1972 «Iussa
1056 1905 1247 1989 Verg.
1310 1911 1383 1971 A.
1434 1906 1539 1985 10,
1586 1907 1726 1973 445.
1800 1906 1916 1971 Ov.
1983 1913 2129 1972 met.
2175 1907 2247 1988 2,
2293 1907 2434 1972 118.
2504 1906 2649 1972 fast.
2696 1906 2768 1986 2,
2812 1905 2952 1974 609.

594 2007 834 2090 ‚jussis‘
879 1997 1023 2072 fast.
1051 2008 1112 2088 4,
1144 2007 1285 2074 226.
1332 2007 1512 2071 Paul.
1558 2007 1704 2071 hist.
1749 2007 1950 2090 Long.
1979 2007 2037 2090 6,
2077 2011 2173 2072 11.
2232 2007 2538 2090 Agnellus
2585 2007 2718 2072 Scr.
2754 2007 2953 2091 Long.

594 2108 735 2191 393,
785 2107 880 2174 13.
951 2107 1199 2173 Richer.
1245 2111 1301 2189 1,
1346 2108 1445 2186 61,
1492 2108 1768 2192 saepius.
1813 2145 1891 2155 —
1949 2109 2387 2190 ,Lernaeaque
2427 2108 2798 2172 monst'ra‘
2843 2107 2954 2172 Sil.

599 2207 675 2274 It.
720 2208 781 2290 2,
827 2209 965 2274 158.
1017 2246 1088 2254 -
1134 2229 1333 2294 reqna
1373 2228 1435 2291 p.
1480 2208 1561 2274 17
1608 2209 2258 2273 commemoravimus.

766 2307 1022 2384 ,Aeolus
1086 2315 1401 2393 sceptra
1467 2312 1714 2373 tenens‘
1783 2309 1974 2392 Verg.
2040 2310 2114 2372 A.
2182 2311 2251 2388 1,
2329 2308 2437 2388 573
2535 2315 2811 2392 ,sceptra
2880 2358 2892 2372 .
2937 2353 2951 2372 .

596 2409 941 2474 Priamem‘
971 2393 1155 2486 7’,252
1196 2409 1362 2473 idem
1406 2409 1742 2491 significat,
1789 2410 1953 2494 quod
1999 2412 2355 2494 ,sceptrum‘
2397 2431 2453 2474 v.
2477 2409 2620 2476 247.
2665 2411 2948 2494 ,sceptra‘

595 2509 655 2589 7,
690 2509 813 2576 422
856 2508 1043 2586 idem,
1090 2509 1259 2591 quod
1305 2512 1610 2592 ,regnum‘
1652 2530 1708 2575 v,
1753 2511 1906 2594 4243
1957 2511 2265 2595 ,sceptris‘
2307 2511 2365 2590 9,
2405 2511 2526 2578 265
2575 2517 2692 2574 etc.
2755 2530 2949 2593 ,scep-

594 2613 777 2674 trum‘
823 2608 1015 2692 Verg.
1063 2618 1314 2692 quater,
1385 2615 1679 2694 ,sceptro‘
1738 2613 1954 2676 semel.
2020 2618 2312 2697 ,sceptra‘
2371 2617 2434 2675 et
2486 2611 2794 2694 ,sceptris‘
2843 2631 2954 2696 pro

596 2729 793 2792 regno
838 2729 1034 2793 saepe
1063 2710 1201 2774 Val.
1230 2711 1346 2792 FL,
1392 2711 1688 2777 Dracont.
1738 2713 1796 2793 5,
1841 2713 1978 2779 170.
2027 2713 2366 2796 scriptores
2412 2711 2599 2775 medii
2646 2711 2786 2776 aevi
2835 2711 2955 2776 fre-

596 2818 889 2893 quenter,
936 2812 1107 2877 velut
1150 2819 1423 2896 ,sceptra
1467 2813 1663 2877 urbis‘
1704 2813 2054 2879 Frodoard.
2100 2813 2180 2878 de
2225 2812 2421 2876 Hadr.
2470 2811 2497 2873 1
2541 2830 2715 2895 papa
2757 2812 2955 2894 Bouq.

594 2912 653 2994 5,
696 2911 819 2979 463
864 2910 933 2976 Ο.

772 3011 913 3076 Ter
924 3032 1023 3097 qa
1065 3011 1274 3095 Ἴως,
1318 3011 1738 3096 qui,tergum‘
1771 3033 1965 3098 saepe
1994 3013 2188 3097 ponit,
2234 3034 2333 3096 ge.
2361 3013 2420 3093 3,
2448 3012 2560 3079 8οε
2607 3009 2720 3092 ,illi
2746 3009 2955 3074 brevis

428 3151 481 3178 .,
581 3113 776 3176 alvus
824 3113 1155 3194 obesaque
1198 3117 1399 3194 terga‘
1458 3117 1608 3195 (non
1657 3114 1880 3193 timeo,
1946 3133 2025 3178 ne
2087 3114 2230 3197 quis
2292 3113 2556 3194 obiciat,
2626 3111 2748 3177 hoc
2811 3113 2952 3176 loco

597 3212 904 3296 pluralem
948 3212 1377 3298 amplificandi
1442 3233 1637 3278 causa
1693 3232 1833 3279 esse
1901 3215 2228 3298 positum).
2299 3213 2464 3278 adde
2509 3215 2663 3278 Aen.
2707 3213 2768 3295 9,
2811 3213 2954 3280 794.

596 3314 695 3386 12,
727 3313 878 3393 645,
924 3313 1091 3396 ,equi
1132 3317 1334 3397 terga‘
1380 3313 1492 3378 Ov.
1535 3320 1679 3380 met.
1731 3316 1826 3393 14,
1860 3315 2002 3382 363.
2050 3314 2213 3379 adde
2239 3315 2534 3380 German.
2565 3306 2738 3376 Arat.
2767 3315 2825 3391 1,
2854 3314 2953 3380 29.

594 3415 655 3493 4,
701 3414 801 3481 23.
878 3413 1017 3478 Val.
1080 3414 1174 3479 Fl.
1220 3415 1281 3496 2,
1334 3413 1476 3482 460.
1541 3416 1602 3496 7,
1648 3415 1766 3482 651
1825 3422 1942 3480 etc.
2005 3413 2241 3480 Lucan.
2289 3417 2347 3496 1,
2402 3415 2526 3482 230
2569 3420 2684 3501 etc.
2753 3421 2954 3497 ,terga

599 3519 872 3580 vertens‘
914 3515 1025 3579 scl.
1073 3514 1200 3580 dux
1246 3534 1385 3579 cum
1431 3516 1711 3580 exercitu
1743 3515 2084 3598 Fredegar.
2118 3513 2312 3580 schol.
2340 3515 2553 3579 chron.
2589 3514 2629 3580 2
2665 3514 2862 3598 Bouq.
2893 3515 2953 3596 2,

598 3616 737 3682 417.
807 3615 997 3680 simili
1042 3614 1229 3680 modo
1274 3634 1722 3696 nonnunquam
1770 3615 1977 3680 medio
2023 3635 2200 3680 aevo.

758 3724 937 3781 vota
984 3717 1090 3797 (cf.
1125 3735 1301 3798 quae
1346 3715 1425 3780 de
1471 3717 1693 3781 eodem
1738 3717 2048 3781 vocabulo
2094 3735 2153 3799 p.
2171 3715 2253 3782 27
2297 3705 2952 3795 commemorabimus)

593 3815 923 3902 pluraliter
969 3818 1164 3881 multo
1212 3816 1467 3900 saepius
1511 3823 1740 3901 poetae
1798 3836 1986 3899 quam
2045 3817 2466 3899 singulariter.
2539 3814 2652 3880 Ov.
2701 3816 2845 3880 fast.
2891 3815 2953 3897 4,

597 3917 769 3984 395.·
804 3921 951 3980 met.
995 3919 1055 3994 4,
1099 3916 1239 3983 373.
1833 3971 1838 3974 .

762 4016 1013 4082 Mella
1044 4016 1285 4081 Neuius
1319 4035 1469 4100 pag.
1494 4016 1638 4098 409,
1685 4017 1970 4100 plurimis
1999 4016 2305 4100 exemplis
2333 4015 2562 4092 allatis,
2611 4015 2690 4080 de
2717 4035 2953 4098 magua

596 4117 803 4182 mellis
858 4116 1253 4182 multitudine
1309 4116 1457 4201 poni
1516 4117 1852 4182 contendit.
1941 4117 2068 4182 Sed
2112 4137 2281 4200 nego
2326 4125 2550 4200 poetas
2595 4134 2844 4198 semper
2887 4113 2953 4179 id

596 4218 763 4300 quod
789 4217 1028 4282 Neuius
1058 4224 1274 4282 censet
1320 4217 1671 4301 exprimere
1714 4218 2011 4284 voluisse.
2083 4217 2266 4294 Quod
2311 4217 2367 4281 si
2410 4215 2737 4296 sumimus,
2781 4215 2953 4280 nullo

596 4319 783 4384 modo
828 4317 1385 4402 potestintellegi,
1428 4331 1553 4400 qu'a
1596 4319 1676 4383 de
1722 4337 1916 4383 causa
1959 4315 2274 4400 Vergilius
2319 4324 2380 4382 et
2422 4317 2723 4381 Horatius
2769 4335 2954 4381 casus

594 4425 801 4506 rectos
869 4419 1001 4484 eius
1068 4419 1357 4483 vocabuli
1422 4419 1751 4502 pluraliter
1802 4424 2081 4498 tantum,
2151 4437 2337 4483 casus
2397 4418 2686 4502 obliquos
2741 4417 2952 4499 singu-

594 4518 813 4590 lariter
854 4525 1093 4590 tantum
1139 4519 1481 4612 posuerint.
2557 4505 2564 4518 '
2851 4509 2871 4519 ’
