3300 5042
1527 352 1939 423 ...15-

545 537 746 603 tentia
765 534 1063 605 Ovidium
1095 537 1472 624 saepissime
1503 534 1733 617 ,freta‘,
1778 535 2099 601 rarissime
2136 533 2379 615 ,maria‘
2413 534 2671 600 dixisse.
2726 533 2909 598 Adde

547 637 752 722 quod,
806 637 1038 722 plurali
1091 640 1338 723 posito,
1396 636 1717 721 adJectiva
1771 655 2047 719 quoque,
2108 656 2247 701 cum
2308 636 2434 701 illis
2480 635 2718 700 neutris
2763 654 2908 699 con-

539 740 784 823 juncta,
831 738 886 803 si
929 738 1210 804 secunda
1253 739 1679 805 declinatione
1723 736 2155 818 flectebantur,
2202 756 2316 819 pro
2364 736 2623 821 ancipiti
2657 736 2911 819 syllaba

549 844 862 919 extrema,
944 856 1142 922 quae,
1228 840 1281 904 si
1331 839 1684 908 trochaeus
1741 840 1911 903 velut
1962 838 2025 903 in
2082 840 2383 922 optimum
2458 844 2521 903 et
2569 838 2912 920 pessimum

547 936 864 1020 anteibat,
929 938 1300 1007 hexametro
1359 940 1553 1005 inseri
1607 938 1780 1004 nullo
1836 938 2025 1003 modo
2086 944 2359 1023 poterat,
2425 938 2681 1004 brevem
2747 935 2909 1001 acci-

549 1040 844 1127 piebant,
910 1038 966 1105 si
1022 1040 1272 1106 tertiam
1339 1041 1797 1124 sequebantur,
1864 1039 2035 1105 velut
2079 1040 2320 1123 tristia,
2372 1040 2652 1103 illustria
2694 1037 2909 1119 dacty-

547 1142 750 1209 lorum
796 1158 1119 1207 numerum
1165 1141 1506 1225 augebant.
1593 1140 1783 1205 Velut
1825 1159 1904 1204 ex
1948 1140 2275 1205 vocabulis
2320 1138 2542 1229 Ovidii·
2578 1145 2911 1203 metamor-

550 1242 838 1327 phoseon
881 1239 1027 1307 libri
1067 1242 1112 1307 4
1153 1261 1376 1307 versus
1420 1242 1562 1324 359,
1619 1240 2082 1325 ,subjectatque
2134 1260 2359 1305 manns
2403 1239 2724 1321 invitaque
2767 1257 2911 1322 pec·

549 1350 692 1408 tora
733 1343 959 1426 tangit‘
1031 1343 1142 1407 sel.
1199 1341 1512 1407 Salmacis
1523 1391 1541 1424 ,
1611 1342 1732 1407 nisi
1789 1342 2018 1427 plurali
2064 1345 2367 1425 ,pectora‘
2410 1340 2653 1425 posite,
2719 1338 2913 1403 hexa-

552 1448 752 1509 meter
794 1441 1086 1526 componi
1129 1461 1254 1507 non
1300 1449 1526 1528 potest.

718 1542 814 1609 Eo
858 1540 1111 1609 facilius
1155 1548 1363 1608 autem
1409 1549 1659 1627 poetae,
1706 1542 1831 1626 qni,
1876 1562 1992 1627 pro
2038 1542 2328 1607 libertate
2374 1540 2629 1606 divinae
2668 1538 2760 1603 illi
2794 1538 2915 1602 arti

483 1662 502 1683 ·
553 1644 847 1711 omnibus
893 1644 1282 1729 temporibus
1325 1662 1659 1724 concessa,
1724 1663 1849 1709 non
1896 1651 2025 1708 tam
2071 1643 2440 1728 scrupulose
2485 1642 2663 1723 leges
2706 1659 2915 1723 gram-

553 1743 821 1810 maticas
864 1744 929 1810 in
975 1745 1260 1810 versibus
1319 1744 1801 1829 compingendis
1860 1743 2321 1824 observabant,
2387 1762 2576 1825 quam
2640 1740 2777 1805 soni
2810 1738 2914 1823 ju-

556 1844 743 1912 cundi
798 1844 1115 1913 efficiendi
1172 1843 1381 1909 studio
1439 1844 1863 1923 ducebantur,
1933 1844 2190 1910 licentia
2248 1844 2361 1908 illa
2424 1841 2547 1909 frui
2604 1847 2915 1923 poterant,

556 1948 826 2032 primum
880 1946 1030 2029 quia
1087 1946 1187 2011 vel
1230 1945 1400 2031 apud
1445 1951 1731 2011 oratores
1775 1945 2037 2010 Latinos
2080 1943 2385 2009 nonnulla
2427 1942 2742 2008 vocabula
2782 1940 2916 2025 plu·

557 2046 721 2113 ralia
763 2053 1003 2111 tantum
1050 2046 1568 2125 enuntiabantur‚
1631 2046 1695 2110 in
1741 2046 1967 2127 quibus
2014 2046 2255 2109 numeri
2300 2046 2395 2108 vis
2439 2042 2741 2127 temporis
2784 2041 2913 2105 diu-

557 2147 854 2213 turnitate
898 2146 964 2217 iu
1010 2145 1389 2211 oblivionem
1448 2145 1602 2211 data
1660 2152 1830 2224 erat,
1898 2144 2127 2211 deinde
2186 2144 2336 2228 quia
2393 2142 2657 2229 pluralis
2701 2161 2916 2226 saepe,

560 2247 668 2313 ubi
723 2244 1038 2315 sententia
1097 2265 1225 2310 non
1286 2246 1699 2330 poscebatur,
1774 2244 2215 2311 concinnitatis
2282 2260 2479 2310 causa
2542 2244 2913 2329 ponebatur.

558 2348 802 2414 Tamen
848 2366 988 2415 cum
1031 2345 1289 2429 linguae
1335 2354 1563 2413 natura
1606 2365 1789 2411 usum
1842 2346 2017 2412 illum
2072 2366 2197 2411 non
2256 2346 2629 2427 convenire,
2694 2344 2797 2408 vel
2841 2362 2922 2409 ex

560 2467 749 2515 versu
806 2448 917 2512 illo
971 2445 1215 2513 ludicro
1272 2448 1335 2511 in
1384 2447 1733 2532 Vergilium
1780 2466 1820 2511 a
1862 2447 2062 2511 Bavio
2122 2452 2185 2512 et
2238 2446 2487 2511 Maevio
2548 2443 2922 2529 composito,

565 2567 750 2632 quem
787 2548 1047 2615 Servius
1092 2546 1175 2612 ad
1208 2547 1440 2632 Georg.
1484 2550 1541 2629 1,
1585 2546 1713 2615 210
1754 2548 1981 2612 tradit:
2025 2546 2245 2629 ‚ordea
2286 2547 2390 2629 qui
2437 2546 2597 2612 dixit
2638 2552 2930 2630 superest

565 2655 634 2715 ut
674 2647 886 2715 tritica
925 2646 1120 2719 dicat‘
1163 2648 1624 2731 cognoscimus.
1692 2647 1895 2730 Adde,
1940 2648 2109 2730 quod
2144 2647 2313 2713 idem
2338 2647 2595 2715 Servius
2624 2646 2707 2711 ad
2734 2646 2925 2729 Verg.

569 2750 686 2817 ecl.
741 2750 812 2829 5,
869 2749 950 2816 36
1007 2748 1089 2813 ad
1145 2748 1523 2813 vocabulum
1586 2749 1870 2831 ,hordea‘
1941 2748 2235 2815 adnotat:
2302 2748 2689 2832 ‚usurpative
2746 2747 2930 2812 metri

570 2868 768 2916 causa
825 2848 1014 2931 dixit,
1083 2867 1229 2913 nam
1293 2847 1552 2915 ordeum
1609 2856 1726 2915 etc.
1782 2848 2025 2914 numeri
2079 2856 2320 2914 tantum
2375 2849 2718 2933 singularis
2761 2852 2929 2929 sunt,

571 2949 736 3016 unde
779 2949 1108 3034 pluraliter
1149 2948 1214 3012 in
1260 2968 1453 3033 prosa
1497 2950 1586 3015 uti
1631 2970 1756 3015 non
1800 2951 2176 3034 possumus‘.

737 3049 926 3115 Haud
969 3049 1194 3132 ignoro
1239 3056 1462 3133 poetas
1508 3050 1755 3132 epicos,
1812 3070 2191 3134 quamquam
2237 3049 2573 3115 nonnullas
2619 3046 2931 3113 sermonis
2999 3061 3008 3068 ·

572 3149 783 3234 plebei
829 3149 1066 3215 formas
1109 3152 1293 3215 metri
1338 3170 1534 3215 causa
1582 3149 1968 3229 admiserint,
2016 3149 2098 3215 ad
2126 3150 2549 3236 posteriorum
2577 3157 2928 3233 temporum

574 3269 927 3315 sermonem
972 3250 1296 3334 vulgarem
1340 3271 1466 3317 non
1510 3251 1600 3316 ita
1639 3251 1900 3317 multum
1941 3252 2249 3332 valuisse3
2309 3258 2375 3315 at
2428 3270 2569 3317 cum
2611 3250 2932 3333 Vergilius

576 3356 818 3415 summo
886 3349 1094 3415 studio
1157 3352 1506 3434 legeretur,
1575 3351 1764 3417 facile
1828 3351 1964 3416 fieri
2020 3352 2223 3437 potuit
2281 3357 2347 3416 ut
2390 3371 2469 3416 ex
2512 3352 2823 3435 poematis
2866 3349 2933 3414 in

578 3451 927 3517 orationem
971 3450 1240 3516 solutam
1284 3471 1437 3517 usus
1481 3452 1588 3517 ille
1632 3451 2083 3527 traduceretur.
2171 3452 2353 3518 Certe
2399 3472 2478 3518 ex
2522 3451 2650 3516 illis
2694 3452 2759 3515 in
2802 3470 2932 3515 me-

580 3549 666 3614 dii
710 3550 849 3615 aevi
896 3549 1178 3616 carmina
1211 3571 1396 3617 versu
1429 3552 1686 3617 heroico
1738 3554 2091 3636 composita
2118 3558 2513 3637 propagatus
2538 3559 2651 3616 est.
2722 3551 2934 3628 Quare

582 3670 720 3715 cum
764 3649 888 3715 bac
929 3657 1258 3735 poetarum
1303 3651 1757 3717 consuetudine
1802 3658 1987 3717 aucta
2042 3673 2183 3718 esse
2246 3653 2534 3718 videatur
2592 3672 2738 3731 ea,.
2771 3672 2935 3734 quae

579 3752 930 3834 posteriore
975 3771 1134 3818 aevo
1177 3751 1350 3817 facta
1379 3758 1492 3833 est,
1537 3761 1943 3818 numerorum
1960 3759 2023 3819 et
2046 3773 2346 3837 generum
2377 3752 2681 3835 confusi0,
2727 3772 2934 3836 apro-

583 3850 789 3935 posito
833 3852 976 3917 meo
1020 3871 1144 3917 non
1205 3842 1548 3919 abhorrere
1604 3852 1880 3935 videtur,
1952 3854 2007 3919 si
2065 3873 2191 3919 non
2245 3855 2549 3938 pleraque
2608 3873 2770 3936 quae
2815 3853 2939 3918 huc

582 3952 899 4036 pertinent
942 3952 1258 4036 colligam,
1303 3954 1495 4037 paulo
1539 3962 1749 4019 tamen
1796 3956 2149 4020 accuratius
2187 3955 2252 4019 in
2279 3955 2443 4020 hanc
2472 3952 2737 4039 pluralis
2767 3952 2941 4037 apud

584 4058 810 4136 poetas
854 4052 1308 4119 abundantiam
1350 4053 1770 4137 investigabO.

749 4153 898 4218 Jam
940 4154 1002 4219 in
1047 4154 1278 4219 Ennii
1325 4155 1661 4220 annalibus
1709 4156 1771 4218 in
1816 4175 2004 4221 versu
2040 4156 2159 4221 143
2203 4153 2502 4237 legimns:
2547 4154 2756 4235 ,Isque
2800 4152 2939 4217 dies

585 4259 926 4337 postquam
963 4255 1177 4321 Ancus
1221 4254 1482 4321 Martius
1522 4256 1763 4340 reync‘i
1809 4257 2100 4341 recepit‘3
2160 4254 2238 4322 cf.
2287 4254 2475 4338 Verg.
2520 4257 2673 4319 Aen.
2716 4257 2773 4335 1,
2817 4253 2941 4321 206

587 4359 824 4437 ‚regna‘
871 4356 982 4421 sel.
1025 4355 1277 4437 Troiae,
1321 4355 1444 4423 620
1497 4356 1827 4433 ‚Teucrum
1870 4358 2042 4422 nova
2079 4357 2285 4437 regna
2324 4358 2697 4438 petentem‘3
2755 4354 2817 4435 2,
2861 4354 2942 4420 22

589 4454 843 4537 ‚Priami
900 4460 1156 4539 regna‘,
1225 4456 1516 4540 saepiuS‚
1569 4474 1980 4538 'quamquam
2035 4464 2339 4539 ,regnum‘
2400 4476 2523 4521 non
2582 4475 2727 4520 raro
2771 4453 2941 4539 apud
