3300 5042
1532 381 1943 446 ...18-

552 569 775 646 quarto
800 560 1177 646 pentametri
1205 559 1387 644 pede,
1435 559 1794 644 frequenter
1827 558 2179 626 hexametri
2216 565 2278 624 et
2300 558 2678 643 pentametri
2708 556 2914 642 prima

551 662 703 728 sede
742 660 1016 747 positum
1059 665 1177 743 est,
1218 667 1445 744 quarta
1488 660 1840 748 hexametri
1881 661 2035 728 sede
2079 660 2250 746 apud
2295 661 2465 727 solos
2502 659 2773 724 Ennium
2803 677 2911 723 an-

550 765 675 830 nal.
707 763 849 844 247,
894 761 1224 826 Horatium
1270 767 1387 826 sat.
1425 762 1482 842 1,
1524 762 1583 840 5,
1626 762 1729 844 43,
1773 760 2204 846 Calpurnium,
2247 761 2612 839 Ausonium,
2658 760 2779 825 hoc
2815 764 2916 823 est

552 863 725 949 apud
768 882 912 944 000,
970 862 1075 945 qui
1120 860 1597 927 subtilissimam
1644 862 1994 928 hexametri
2039 861 2320 945 fingendi
2367 867 2562 926 artem
2610 866 2718 924 aut
2758 878 2912 925 non-

551 964 697 1030 dum
744 963 957 1048 adepti
1004 963 1163 1042 sint,
1228 968 1337 1026 aut
1396 962 1737 1027 amiserint.
1824 962 2057 1028 Iisdem
2101 982 2392 1028 versuum
2437 959 2730 1041 sedibus,
2787 958 2914 1024 illis

552 1064 841 1149 saepius,
906 1063 1007 1128 his
1062 1062 1266 1127 rarius
1321 1068 1533 1128 cetera
1576 1070 1800 1128 neutra
1844 1062 2119 1147 pluralia
2161 1083 2202 1128 a
2248 1063 2453 1148 poetis
2497 1067 2642 1127 sunt
2684 1059 2912 1144 posita.

552 1166 681 1232 Sed
726 1165 846 1230 hoc
889 1183 969 1229 ex
1022 1162 1375 1229 hexametri
1426 1162 1636 1228 Latini
1703 1169 1932 1230 natura
1997 1162 2197 1244 effici,
2265 1183 2404 1228 cum
2468 1161 2722 1227 omnino
2786 1161 2914 1226 illis

553 1265 897 1352 praecipue
943 1262 1201 1330 sedibus
1246 1262 1485 1347 dactyli
1528 1265 1834 1331 incisione
1880 1285 2004 1331 non
2040 1264 2366 1330 accidente
2394 1269 2736 1348 ponantur,
2779 1261 2914 1345 qui-

554 1386 819 1449 cumque
888 1384 1139 1430 carmen
1216 1363 1461 1448 epicum
1536 1366 1637 1431 vel
1703 1366 2053 1450 elegiacum
2117 1364 2486 1450 inspexerit,
2554 1369 2912 1446 cognoscet.

552 1466 738 1551 Apud
766 1465 1081 1542 Ovidium,
1125 1464 1231 1530 ubi
1264 1466 1406 1549 plus
1434 1466 1894 1550 quinquaginta
1924 1466 2082 1532 locis
2126 1466 2407 1550 ,gaudia‘
2451 1464 2754 1548 scriptum
2799 1468 2912 1542 est,

552 1567 933 1652 ,gaudium‘,
993 1565 1046 1630 si
1092 1566 1222 1630 ulla
1266 1574 1363 1632 est
1406 1565 1704 1632 Burmani
1749 1566 1942 1632 indici
1985 1566 2164 1646 fides,
2209 1586 2540 1648 nusquam,
2584 1584 2711 1631 non
2753 1583 2914 1629 sem-

552 1688 665 1754 per
722 1687 911 1734 sensu
969 1667 1280 1750 pluralem
1345 1667 1515 1750 exigi
1580 1674 1884 1752 apparet,
1950 1669 2124 1734 velut
2186 1667 2308 1732 hoc
2363 1669 2504 1732 loco
2549 1665 2914 1750 singularis,

552 1776 753 1836 metro
796 1787 921 1833 non
964 1772 1259 1851 urgente,
1303 1767 1464 1832 bene
1509 1789 1578 1833 se
1618 1768 1912 1833 haberet:
1957 1774 2103 1835 met.
2147 1767 2209 1848 8,
2250 1767 2402 1834 236:
2456 1767 2662 1849 ,Hunc
2703 1764 2916 1830 miseri
2981 1843 2986 1847 ς

550 1871 789 1936 tumulo
845 1873 1181 1952 ponentem
1239 1887 1507 1952 corpora
1559 1869 1691 1932 nati
1739 1871 1878 1950 (scl.
1923 1869 2114 1949 Icari)
2163 1867 2434 1933 Garrula
2480 1886 2734 1933 ramosa
2773 1886 2914 1951 pro-

554 1969 763 2054 spexit
806 1969 888 2034 ab
931 1968 1075 2034 ilice
1118 1967 1361 2053 perdix.
1450 1969 1531 2033 Et
1573 1969 1811 2052 plausit
1834 1969 2060 2054 pennis
2086 1975 2438 2051 testataque
2461 1969 2702 2054 qaudia
2727 1973 2916 2033 cantu

553 2075 692 2150 est‘,
736 2070 903 2135 adde
946 2075 1092 2134 met.
1142 2070 1239 2151 12,
1282 2069 1439 2150 285;
1494 2068 1793 2152 Calpurn.
1837 2073 1898 2151 7,
1943 2071 2040 2152 16,
2089 2069 2363 2154 saepius.

712 2172 1126 2252 Plerumque,
1183 2169 1521 2254 praecipue
1566 2171 1738 2254 apud
1783 2170 2110 2249 Ovidium,
2155 2171 2277 2236 hoc
2319 2169 2630 2235 vocabulo
2674 2167 2739 2232 id
2785 2167 2912 2250 sig·

552 2273 861 2350 nificatur,
910 2271 1080 2354 qnod
1122 2270 1230 2336 ille
1274 2276 1391 2335 art.
1437 2290 1559 2337 am.
1604 2272 1665 2353 2,
1709 2273 1832 2341 459
1877 2279 1938 2338 et
1971 2273 2031 2355 3,
2063 2272 2188 2341 805
2217 2271 2457 2357 qaudia
2491 2269 2763 2350 Veneris,
2797 2268 2909 2332 Lu-

553 2374 783 2440 cretius
822 2374 884 2454 4,
928 2371 1091 2439 1106
1135 2373 1367 2463 amoris
1404 2373 1647 2457 qaudia
1692 2372 1870 2453 dixit,
1915 2374 2027 2459 (cf.
2071 2373 2213 2438 Tib.
2256 2373 2316 2453 2,
2361 2377 2417 2454 1,
2461 2371 2560 2437 12.
2615 2369 2753 2452 ,Oui
2781 2367 2908 2434 tulit

550 2474 849 2542 hesterna
888 2473 1129 2559 qaudia
1171 2481 1354 2538 nocte
1393 2471 1660 2552 Venus‘)
1707 2494 1922 2558 saepe,
1967 2480 2034 2539 ut
2076 2473 2200 2540 hoc
2222 2471 2496 2538 Lucretii
2520 2472 2683 2553 1000,
2727 2490 2910 2537 conu-

552 2576 741 2640 bium.
799 2575 951 2658 Ipsa
997 2593 1243 2657 quoque
1280 2573 1497 2658 puella
1540 2573 1672 2658 (vel
1703 2574 2078 2642 adolescens
2107 2575 2404 2655 amatus),
2447 2573 2512 2638 in
2544 2591 2671 2655 qua
2703 2573 2918 2638 omnia

552 2675 825 2740 amantis
870 2675 1109 2758 gandia
1152 2675 1565 2756 continentur,
1612 2676 1973 2758 frequenter
2016 2677 2138 2742 hoc
2177 2675 2489 2742 vocabulo
2535 2674 2914 2757 appellatur,

553 2783 619 2841 ut
664 2775 779 2841 Ov.
824 2775 1066 2841 heroid.
1116 2777 1196 2844 18
1238 2797 1295 2840 v,
1320 2776 1400 2840 41
1449 2780 1614 2856 ‚mea
1653 2777 1932 2861 qaudia‘‚
1979 2777 2168 2860 Verg.
2214 2778 2369 2842 Aen.
2416 2775 2517 2855 10,
2563 2774 2686 2842 325
2725 2793 2916 2856 ‚nova

550 2876 832 2962 qaudia‘‚
893 2875 1165 2942 Rutilius
1208 2875 1629 2940 Namatianus
1673 2879 1731 2959 1,
1775 2876 1896 2944 261
1960 2878 2284 2962 ‚Agenorii
2341 2883 2631 2960 rapturus
2672 2875 2916 2961 qaudz‘a

552 2978 738 3060 furti',
803 2976 1136 3060 ,frequenti
1194 2977 1259 3040 in
1327 2996 1395 3042 re
1462 2975 1774 3042 amatoria
1849 2978 2214 3060 vocabulo‘,
2289 2984 2359 3044 ut
2419 2983 2590 3044 recte
2655 2976 2920 3042 adnotat

554 3078 882 3163 Zumptius
927 3077 1008 3142 ad
1052 3077 1219 3144 hunc
1260 3078 1487 3145 locum.
1568 3077 1686 3142 His
1727 3078 1884 3144 locis
1930 3078 2244 3162 plurativo
2287 3097 2546 3143 numero
2591 3077 2916 3164 propriam

554 3178 823 3262 exprimi
864 3179 1261 3262 sententiam,
1303 3179 1557 3245 minime
1601 3198 1796 3262 neg03
1863 3180 1976 3244 sed
2022 3179 2364 3245 notandum
2411 3184 2534 3258 est,
2579 3177 2764 3244 huius
2806 3197 2915 3244 vo-

555 3279 763 3344 cabuli
806 3279 1107 3346 abstracti
1149 3281 1479 3365 pluralem,
1523 3279 1587 3344 in
1622 3280 1908 3345 oratione
1937 3282 2146 3347 soluta
2180 3281 2502 3346 rarissime
2527 3287 2915 3365 usurpatum,

556 3378 726 3464 apud
768 3386 993 3465 poetas
1036 3380 1412 3464 saepissime
1453 3381 1740 3464 reperiri.
1830 3382 1926 3446 De
1991 3381 2301 3447 vocabulo
2364 3384 2679 3463 ‚amores‘,
2747 3378 2915 3462 quod

556 3479 778 3546 eodem
824 3499 1015 3546 sensu
1057 3480 1435 3575 saepissime
1477 3481 1728 3564 legitur,
1775 3481 1858 3548 cf.
1905 3481 1974 3547 C.
2021 3484 2089 3552 F.
2114 3482 2338 3557 Jacob,
2384 3483 2480 3547 De
2523 3499 2642 3546 usu
2673 3480 2917 3546 numeri

555 3580 818 3667 pluralis
876 3578 1047 3663 apud
1110 3588 1335 3664 poetas
1389 3580 1651 3647 Latinos
1698 3583 1948 3666 (Progr.
1995 3581 2255 3649 scholae
2299 3581 2718 3648 Provincialis
2765 3582 2915 3646 Por-

552 3680 771 3748 teusis.
836 3680 1196 3764 Numburgi
1245 3681 1453 3766 1841.)
1498 3702 1645 3766 pag.
1689 3683 1730 3750 9
1771 3690 1835 3748 et
1876 3684 1975 3767 10,
2019 3683 2123 3766 qui
2169 3689 2402 3768 tamen,
2448 3691 2686 3766 quanta
2728 3683 2920 3748 fuerit

554 3781 739 3847 metri
780 3781 876 3846 vis
924 3801 1047 3847 non
1092 3781 1420 3865 intellexit,
1466 3803 1607 3849 cum
1650 3783 1733 3848 ob
1777 3785 1978 3849 solam
2022 3783 2145 3850 loci
2193 3785 2566 3850 sententiam
2609 3783 2917 3850 eiusmodi

554 3883 832 3966 plurales
889 3881 1132 3966 positos
1188 3903 1328 3949 0000
1382 3890 1649 3970 putaret.
1736 3885 1833 3950 De
1887 3904 2004 3950 usu
2066 3885 2333 3970 pluralis
2397 3883 2679 3969 ,gaudia‘
2743 3883 2915 3969 apud

558 3988 804 4049 veteres
882 3989 1166 4050 oratores
1236 3985 1585 4067 Romanos,
1679 4005 1719 4050 a
1784 3985 2011 4069 quibus
2079 4007 2204 4052 non
2275 3992 2508 4051 temere
2576 3985 2914 4070 profertur,

556 4083 635 4150 cf.
680 4083 951 4150 Neuium
1006 4104 1071 4169 p.
1114 4084 1257 4152 423.
1344 4083 1569 4152 Moneo
1614 4092 1847 4166 tamen,
1893 4085 2262 4152 Ciceronem
2303 4085 2582 4170 ,gaudia‘
2625 4106 2763 4152 cum
2805 4105 2912 4151 vo-

557 4185 799 4251 cabulis
842 4184 1247 4267 singulariter
1290 4185 1472 4252 elatis
1506 4187 1816 4271 jungere,
1867 4207 2006 4252 cum
2050 4187 2112 4251 in
2154 4187 2362 4270 prima
2405 4187 2689 4251 oratione
2730 4185 2914 4250 Catil.

556 4288 615 4367 ξ.
642 4285 723 4352 26
766 4285 1107 4350 exclamet:
1175 4285 1301 4368 ,hic
1368 4293 1435 4352 tu
1500 4307 1627 4371 qua
1681 4287 1928 4352 laetitia
1979 4287 2325 4371 perfruere,
2394 4286 2621 4370 quibus
2665 4287 2914 4371 qaudiis

559 4385 938 4467 exsultabis,
1006 4393 1244 4468 quanta
1296 4388 1361 4453 in
1416 4388 1743 4472 voluptate
1802 4386 2239 4471 bacchabere‘,
2310 4393 2378 4452 ut
2419 4388 2679 4452 Plautus
2720 4388 2912 4452 Poen.

558 4485 618 4566 5,
659 4486 719 4570 4,
765 4485 885 4552 105
926 4486 1213 4572 scripsit:
1256 4487 1401 4571 ,hac
1434 4487 1681 4554 laetitia
1725 4493 1902 4553 tanta
1947 4494 2010 4556 et
2049 4488 2241 4554 tantis
2267 4507 2370 4556 me
2401 4486 2730 4555 adfecistis
2761 4505 2913 4576 qau-
