3300 5042
1480 341 1891 409 „27-

487 525 694 589 terae‘
749 519 993 605 posuit,
1059 518 1140 586 cf.
1200 538 1364 604 quae
1422 528 1757 605 praeterea
1810 522 2019 588 attulit
2072 520 2278 588 Koen.
2335 542 2483 607 pag.
2526 524 2605 589 41
2652 528 2716 589 et
2752 524 2855 591 48.

489 622 660 689 adde
707 622 824 689 OV.
873 630 1022 687 met.
1067 625 1126 703 1,
1167 621 1325 689 408:
1369 624 1751 702 ,volucris
1792 642 1961 707 vaga
2001 622 2239 689 decidit
2278 624 2439 689 alis‘.

659 722 729 788 Si
772 741 1002 788 nomen
1048 722 1312 787 duorum
1360 729 1498 788 erat
1539 742 1876 806 generum,
1938 732 2163 809 poetas
2208 724 2273 789 id
2317 724 2626 808 elegisse,
2684 725 2853 807 quod

491 844 638 890 cum
678 831 880 889 metro
923 822 1175 889 facilius
1219 825 1611 908 conveniret,
1670 846 1749 891 ex
1792 825 2003 892 multis
2046 825 2355 909 exemplis
2397 844 2440 891 a
2480 824 2685 891 Neuio
2730 826 2856 893 col-

501 926 685 989 lectis
725 922 999 990 dilucide
1042 932 1324 1007 apparet.

670 1026 878 1090 Restat
941 1030 1008 1089 ut
1072 1024 1462 1109 pluralem
1522 1026 1865 1110 praecipue
1919 1032 2279 1092 neutrorum
2332 1025 2597 1091 medio
2655 1045 2855 1093 aevo

507 1144 694 1211 saepe
735 1125 1050 1191 sententia
1093 1144 1214 1190 non
1261 1125 1556 1209 exigente
1599 1146 1741 1192 esse
1798 1133 2196 1211 usurpatum,
2263 1126 2486 1211 paucis
2546 1126 2855 1210 exemplis

498 1226 725 1291 clarius
769 1226 1096 1307 illustrem,
1143 1244 1330 1309 quam
1373 1228 1470 1310 iis,
1517 1246 1682 1314 quae
1725 1244 1924 1311 supra
1966 1227 2207 1311 passim
2252 1226 2520 1309 inserui,
2562 1225 2696 1293 fieri
2740 1246 2851 1313 po·

488 1328 625 1392 tuit.
691 1326 772 1391 Et
815 1328 984 1412 apud
1027 1334 1274 1394 veteres
1315 1335 1601 1393 oratores
1631 1327 1894 1393 Latinos
1937 1326 2045 1392 ubi
2087 1326 2351 1411 pluralis
2395 1330 2853 1394 abstractorum

485 1426 722 1511 legitur
762 1428 1132 1513 plerumque
1188 1449 1314 1495 non
1367 1429 1504 1494 sine
1561 1437 1737 1495 certa
1780 1449 1919 1495 eum
1965 1447 2164 1493 causa
2208 1429 2478 1512 positum
2523 1449 2665 1496 esse
2708 1451 2852 1497 con-

485 1532 651 1609 stat,
714 1529 767 1594 si
813 1546 890 1595 ea
934 1547 1096 1612 quae
1139 1529 1412 1614 pluralia
1454 1536 1695 1596 tantum
1746 1535 2125 1613 usurpantur
2172 1529 2512 1597 omittimus
2537 1530 2610 1616 ¹).
2688 1531 2852 1609 Quin

486 1628 680 1693 etiam
738 1631 1079 1713 scriptores
1144 1630 1589 1713 ecclesiastici,
1656 1632 1762 1714 qui
1825 1626 2261 1714 perspicuitati
2326 1638 2578 1714 praeter
2641 1642 2853 1699 cetera

479 1748 753 1814 operam
797 1730 1040 1812 darent,
1084 1750 1380 1797 numeros
1423 1731 1746 1796 rarissime
1788 1731 1949 1795 inter
1992 1749 2062 1796 se
2105 1730 2503 1798 miscuerunt.

654 1830 784 1896 Sed
823 1832 1151 1898 videamus
1195 1833 1338 1915 ipsa
1370 1833 1681 1916 exempla.
1728 1833 1824 1914 ‚In
1867 1834 2072 1896 votis
2111 1832 2244 1897 suis
2288 1830 2409 1897 hoc
2451 1837 2550 1897 est
2593 1832 2853 1917 nuptiis‘

479 1931 782 1995 Ambros.
827 1950 1011 1997 serm.
1056 1933 1155 1999 35.
1245 1934 1451 2016 ,Vota‘
1511 1934 1769 2017 saepius
1823 1932 1903 1998 de
1958 1933 2238 1999 maximo
2282 1932 2394 1998 illo
2436 1937 2585 1998 voto
2629 1934 2850 2017 sponsi

486 2038 553 2096 et
608 2051 884 2116 sponsae
937 2033 1041 2116 (fr.
1086 2033 1169 2115 ,le
1213 2034 1418 2117 grand
1469 2034 1622 2113 oui‘)
1667 2032 1856 2110 locis,
1925 2033 2032 2098 ubi
2075 2033 2155 2099 de
2197 2052 2393 2099 uxore
2436 2034 2577 2097 sola
2617 2038 2849 2117 agitur,

489 2132 658 2197 velut
721 2130 875 2199 Ood.
931 2129 1092 2200 Just.
1140 2137 1196 2213 1,
1241 2138 1299 2201 2.
1342 2137 1401 2215 5,
1445 2133 1506 2215 9,
1548 2133 1608 2198 4.
1677 2134 1753 2199 cf.
1800 2134 1986 2218 Apul.
2029 2140 2171 2199 met.
2214 2136 2275 2214 4,
2317 2133 2431 2211 263
2480 2136 2670 2215 ,vota‘
2714 2133 2850 2200 Lex

493 2232 678 2316 Burg.
747 2233 827 2298 cf.
874 2234 1048 2314 Diez,
1093 2236 1187 2300 Et.
1235 2234 1329 2299 W.
1375 2236 1432 2316 2,
1483 2235 1619 2301 104.
1686 2235 1847 2316 ,dies
1891 2241 2196 2300 votorum‘
2253 2232 2387 2299 Lex
2436 2232 2640 2317 Long.
2684 2236 2745 2313 2,
2790 2238 2849 2318 4,

481 2333 542 2399 3.
591 2333 688 2414 14,
733 2333 834 2417 21,
879 2335 1166 2400 similiter
1209 2335 1466 2419 saepius
1507 2336 1721 2401 medio
1765 2355 1957 2411 aev03
2004 2336 2126 2400 hoc
2171 2354 2360 2400 sensu
2404 2354 2655 2419 semper
2711 2334 2847 2422 plu-

479 2433 705 2523 raliter
749 2435 996 2501 videtur
1037 2436 1331 2520 positum.
1416 2436 1572 2503 Inde
1617 2438 1779 2520 hisp.
1824 2436 2035 2518 ,boda‘
2086 2434 2167 2499 de
2208 2433 2446 2518 nuptiis
2488 2438 2708 2519 (,voto‘
2756 2435 2849 2502 di·

483 2553 676 2601 versa
721 2536 1185 2620 significatione
1229 2535 1291 2602 in
1337 2538 1560 2602 eadem
1605 2537 1879 2621 lingua).

653 2637 834 2718 alta,
881 2637 1048 2721 quod
1094 2656 1288 2721 saepe
1333 2644 1561 2722 poetae
1602 2637 1831 2719 Latini,
1873 2636 2047 2702 velut
2089 2635 2277 2718 Verg.
2322 2642 2646 2720 usurpant,
2695 2636 2848 2703 Gre-

481 2736 706 2819 gorius
752 2736 896 2803 hist.
939 2739 1042 2803 Fr.
1090 2740 1189 2818 10,
1233 2738 1292 2806 9.
1341 2776 1426 2821 ···.
1483 2738 1568 2818 ,in
1612 2738 2313 2823 concupiscentiis‘
2356 2735 2525 2802 idem
2566 2737 2627 2818 7,
2673 2739 2731 2802 1.
2766 2770 2849 2785 --

479 2838 888 2924 ,conveniant
953 2839 1037 2904 ad
1101 2839 1325 2904 ὂῖιιςιᾶ
1387 2838 1559 2903 Nini‘
1623 2838 1899 2923 exempli
1965 2858 2163 2904 causa
2224 2837 2341 2903 Ov.
2406 2846 2551 2902 met.
2608 2838 2680 2917 4,
2744 2838 2847 2905 88.

483 2937 730 3019 ,bustis‘
794 2938 1091 3023 Epitaph.
1150 2958 1208 3005 a.
1266 2939 1388 3006 585
1453 2958 1554 3024 ap.
1615 2940 1793 3005 Paul.
1854 2938 1997 3005 hist.
2053 2938 2255 3022 Long.
2312 2938 2388 3021 3,
2447 2938 2545 3002 11.
2617 2937 2848 3019 ,busta‘

483 3037 739 3121 Agnell.
789 3038 926 3107 103.
974 3041 1094 3108 135
1138 3041 1202 3103 in
1246 3040 1552 3105 versibus.
1598 3078 1679 3088 —
1719 3060 1885 3121 ,cum
1927 3038 2217 3104 omnibus
2241 3038 2627 3121 justiciis‘
2674 3037 2744 3121 (i.
2790 3057 2844 3105 e.

483 3138 870 3223 privilegiis)
919 3138 1122 3224 Capit.
1171 3140 1518 3224 Dagobert.
1563 3142 1592 3205 I
1638 3160 1697 3205 a.
1743 3140 1885 3207 630.
1952 3138 2054 3219 ,de
2089 3137 2368 3222 justiciis
2413 3138 2845 3205 ecclesiarum‘

484 3238 643 3323 Cap.
690 3237 832 3303 Car.
877 3258 934 3303 a.
977 3241 1099 3307 805
1143 3260 1203 3307 n.
1235 3244 1295 3321 2,
1341 3240 1442 3320 ,de
1474 3240 1751 3324 justiciis
1780 3240 2125 3323 regalibus‘
2166 3240 2240 3317 33
2288 3238 2565 3324 saepius.
2637 3239 2845 3303 bene-

475 3338 703 3419 ficia
747 3339 976 3405 Chron.
1020 3340 1182 3407 Nov.
1229 3344 1391 3428 App.
1435 3342 1476 3409 5
1531 3363 1592 3426 p.
1641 3341 1740 3407 92.
1784 3378 1864 3388 ——-
1932 3340 2391 3422 ,cervicalia
2443 3340 2613 3406 lecti‘
2670 3340 2845 3407 Saxo

485 3438 685 3505 Poeta
719 3440 800 3504 M.
829 3441 905 3507 G.
949 3441 1014 3507 S.
1047 3447 1102 3521 1,
1145 3442 1268 3509 271
1313 3462 1370 3506 v.
1397 3442 1537 3509 255.
1567 3478 1642 3489 -
1688 3460 1901 3525 ,super
1926 3443 2236 3526 capita‘,
2278 3446 2347 3505 ut
2386 3459 2504 3505 nos
2534 3440 2599 3504 in
2624 3440 2847 3523 lingua

403 3579 408 3584 -
492 3541 826 3605 vernacula
867 3560 966 3624 ‚zu
1007 3541 1308 3626 haupten‘
1351 3542 1637 3623 dicimuS,
1684 3543 1933 3626 Agnell.
1982 3543 2102 3609 115
2146 3546 2301 3608 extr.

636 3630 1168 3726 fundamenta
1214 3662 1408 3728 saepe
1453 3644 1796 3728 scriptores
1842 3643 2069 3708 aetatis
2115 3642 2443 3708 classicae.
2508 3641 2668 3721 ,lata
2712 3691 2725 3706 .
2766 3693 2780 3707 .
2823 3690 2842 3707 .

458 3742 927 3825 sande-immite?
971 3742 1159 3826 Verg.
1207 3743 1277 3807 A.
1327 3748 1384 3823 1,
1430 3743 1572 3811 427.
1639 3744 1963 3827 ,templum
2023 3748 2201 3823 cujus
2244 3741 2657 3807 fundamenta
2694 3740 2843 3823 jeci‘

480 3842 598 3931 Oh.
643 3843 842 3909 franc.
887 3863 946 3907 a.
991 3844 1114 3911 508
1155 3842 1381 3908 Marini
1424 3844 1526 3911 95.
1574 3844 1869 3925 ,ecclesia
1894 3860 2104 3926 'quam
2148 3842 2291 3927 ipsa
2335 3860 2376 3906 a
2415 3841 2841 3907 fundamentis

479 3944 864 4010 aedificavit‘
933 3946 1170 4009 Auctor
1233 3944 1328 4009 De
1391 3942 1629 4029 Liutpr.
1694 3964 1846 4029 rege
1889 3944 2025 4011 Scr.
2067 3942 2269 4027 Long.
2316 3942 2416 4025 11,
2456 3941 2557 4009 37.
2618 3942 2711 4007 sic
2759 3940 2840 4007 de

627 4186 682 4255 1)
717 4182 930 4241 Plinius
965 4190 1151 4240 tamen
1206 4183 1263 4238 in
1312 4190 1428 4239 nat.
1481 4182 1610 4239 hist.
1665 4188 1724 4239 et
1760 4182 2097 4253 Pomponius
2133 4178 2282 4237 Mela
2318 4181 2545 4251 saepius
2584 4181 2841 4252 pluralia,

482 4289 654 4331 sensu
689 4292 800 4332 non
840 4274 1182 4347 postulante,
1221 4279 1544 4343 posuerunt.
1616 4272 1786 4329 Velut
1824 4272 2035 4327 Plinius
2076 4271 2283 4338 ,maria‘
2326 4274 2358 4327 4
2396 4275 2445 4336 §-
2466 4273 2555 4329 97.
2592 4272 2697 4329 118
2734 4275 2839 4328 etc.

483 4363 683 4433 ‚litora‘
723 4366 775 4433 7,
817 4364 938 4423 155.
1014 4364 1156 4420 Mela
1209 4363 1402 4429 ,maria
1449 4366 1496 4432 ·l,
1532 4366 1584 4431 2,
1626 4363 1695 4419 13
1733 4366 1839 4418 etc.
1917 4362 2122 4431 ,litora‘
2156 4364 2211 4429 2,
2248 4362 2299 4430 4,
2334 4362 2409 4419 62
2446 4366 2547 4417 etc.
2623 4360 2839 4428 ‚terras‘

481 4456 536 4527 2,
574 4456 626 4524 6,
663 4456 750 4511 91.
824 4453 1050 4523 ,nubila‘
1087 4459 1136 4521 3,
1184 4456 1265 4525 10,
1311 4454 1432 4511 101.
1494 4450 1743 4523 ,frigora‘
1780 4456 1833 4518 2,
1864 4456 1919 4523 2,
1953 4454 2023 4510 16
2059 4456 2169 4507 etc.
