3300 5042
1610 373 2018 440 „40-

645 551 849 617 Diom.
880 554 934 634 1,
962 552 1106 634 453,
1151 572 1345 635 germ.
1384 552 1510 635 ,die
1534 552 1839 619 narcisse‘
1878 552 1976 637 (it.
2010 552 2322 633 narcisso)
2356 551 2434 616 ct.
2463 572 2526 636 p.
2552 549 2634 618 39
2661 549 2784 632 ,die
2807 548 2962 615 lilie‘
2973 575 2990 629 3

642 672 759 718 nos
814 653 978 717 enim
1043 651 1275 735 flores,
1342 654 1448 737 qui
1507 653 1972 739 pulchritudine
2021 653 2237 719 oculos
2280 657 2531 717 nostros
2575 649 2892 716 delectant
2933 654 2998 714 et

643 752 834 818 tacite
878 773 955 818 ac
992 754 1311 836 modeste,
1370 761 1438 819 ut
1496 755 1807 838 virginem
1863 754 2075 836 decet,
2140 751 2510 818 adolescunt
2552 749 2851 816 feminino
2895 769 2994 816 so-

644 855 844 919 lemus
889 854 1107 937 generi
1151 855 1445 920 tribuere.
1531 855 1689 921 Item
1757 856 1822 920 in
1887 854 2121 939 linguis
2165 852 2530 919 Romanicis
2571 851 2998 936 ,juncifoliusss

645 953 983 1020 subaudita
1025 975 1181 1021 voce
1226 954 1533 1036 narcissi,
1598 954 1965 1021 femininum
2032 961 2128 1021 est
2191 954 2448 1020 factum.
2491 990 2571 1000 -
2646 953 3000 1018 hibiscus

644 1075 854 1140 graec.
898 1056 1077 1123 Serv.
1121 1061 1239 1121 etc.
1282 1056 1637 1138 ‚hibiscum‘
1677 1056 1839 1121 Plin.
1884 1077 1944 1121 n.
1988 1056 2052 1122 h.
2098 1061 2220 1121 etc.

810 1189 1019 1275 Saepe
1060 1190 1251 1273 igitur
1294 1191 1377 1257 ad
1421 1191 1788 1256 femininum
1832 1209 2034 1274 genus
2076 1191 2334 1276 plantae
2378 1193 2522 1254 sunt
2547 1187 2851 1270 deflexae,
2897 1187 3001 1253 vel

646 1289 1085 1356 terminatione
1148 1294 1301 1374 ‚us‘,
1369 1312 1495 1374 qua
1554 1292 1616 1356 in
1673 1290 1932 1375 reliquis
1984 1291 2437 1358 vocabulorum
2495 1289 2808 1355 classibus
2871 1307 3002 1353 non

648 1390 835 1456 facile
897 1391 1199 1456 feminina
1250 1392 1545 1476 praedita
1599 1398 1807 1475 erant,
1878 1399 2160 1475 accepta.
2246 1390 2374 1457 Sed
2418 1409 2543 1456 non
2585 1407 2844 1474 prorsus
2885 1385 3002 1452 im-

647 1490 979 1579 probabile
1018 1499 1143 1572 est,
1185 1493 1519 1557 nonnullas
1562 1492 1800 1558 formas
1845 1491 2216 1570 femininae,
2249 1491 2390 1576 jam
2434 1510 2475 1555 a
2516 1490 2778 1555 Graecis
2822 1507 3001 1554 usur-

647 1598 853 1675 patas,
901 1611 1026 1658 non
1072 1592 1157 1657 ad
1198 1599 1477 1659 nostram
1520 1599 1794 1658 aetatem
1839 1611 1978 1657 esse
2021 1591 2328 1676 proditas,
2371 1596 2539 1656 certe
2581 1594 2762 1655 erant
2801 1589 3002 1655 Grae-

648 1693 739 1758 cis
782 1713 906 1758 non
950 1713 1158 1777 pauca
1197 1695 1556 1779 plantarum
1600 1693 1858 1759 nomina
1901 1690 2206 1757 feminina
2246 1691 2309 1755 in
2355 1716 2444 1766 ος.
2521 1691 2764 1755 Tamen
2797 1709 3001 1773 genus

648 1794 1060 1859 masculinum
1102 1795 1169 1858 in
1225 1794 1561 1860 herbarum
1620 1792 1978 1859 nominibus
2030 1791 2399 1876 plerumque
2457 1810 2597 1857 esse
2662 1810 2702 1856 a
2754 1789 3000 1856 Latinis

647 1893 912 1959 vitatum
957 1894 1065 1959 vix
1107 1894 1438 1977 quisquam
1482 1895 1829 1978 negaverit.

728 2016 737 2022 ’
816 2028 913 2092 De
957 2030 1321 2095 arborum
1386 2048 1620 2113 genere
1691 2029 1962 2094 diximus
2016 2047 2166 2113 pag.
2212 2025 2378 2093 5-6
2421 2031 2483 2091 et
2522 2045 2673 2110 pag.
2715 2025 2833 2105 31,
2898 2025 3001 2092 hic

650 2149 859 2214 pauca
902 2129 982 2195 de
1025 2129 1485 2214 significatione
1544 2130 1985 2214 adjungamus
2070 2127 2166 2192 Ea
2219 2127 2438 2210 igitur,
2504 2145 2666 2209 quae
2727 2126 2998 2192 botanici

652 2228 1017 2295 discernunt
1076 2231 1138 2294 in
1202 2231 1520 2296 nonnullis
1584 2231 1915 2296 arboribus
1981 2247 2220 2313 genera
2264 2226 2595 2310 naturalia,
2658 2227 2722 2291 in
2767 2227 2996 2312 linguis

653 2330 1016 2396 Romanicis
1060 2350 1185 2396 non
1242 2329 1482 2413 magis,
1548 2350 1737 2414 quam
1778 2330 1844 2394 in
1890 2331 2109 2412 lingua
2151 2327 2470 2393 Germana
2515 2347 2749 2410 genere
2791 2347 2987 2412 gram-

652 2431 885 2497 matico
910 2431 1390 2515 distinguuntur.
1453 2431 1721 2496 Romani
1763 2438 1972 2495 tamen
2020 2429 2082 2493 in
2125 2447 2248 2493 uno
2294 2432 2462 2492 certe
2486 2427 2794 2493 vocabulo
2825 2426 2982 2494 steri·

655 2532 895 2596 litatem
943 2538 1371 2616 respexerunt.
1452 2531 1606 2597 Cum
1654 2532 1817 2597 enim
1863 2530 2207 2614 frugiferae
2253 2528 2513 2594 arbores
2546 2527 2994 2593 femininaillis

595 2669 597 2671 >
656 2638 884 2714 essent,
930 2634 1319 2714 ,oleastrum‘
1361 2633 1708 2698 masculine
1751 2632 2160 2717 usurpabant,
2203 2629 2310 2713 qui
2353 2630 2416 2693 in
2461 2629 2707 2694 Irenaei
2754 2629 3004 2696 demum

655 2732 1165 2818 interpretatione
1211 2732 1273 2815 5,
1318 2732 1414 2814 10,
1464 2735 1496 2797 1
1540 2733 1904 2798 femininum
1963 2730 2222 2814 legitur,
2287 2733 2574 2794 neutrum
2635 2729 2804 2815 apud
2865 2729 3006 2795 Cal-

655 2835 965 2919 purnium.
1052 2831 1237 2910 Quod
1280 2833 1364 2898 ad
1406 2833 1659 2916 linguas
1703 2833 2083 2899 Romanicas
2129 2830 2369 2918 attinet,
2411 2830 2475 2894 in
2507 2829 2607 2895 his
2646 2849 2770 2895 non
2803 2829 3010 2895 solum

659 2935 919 3000 arbores
956 2934 1021 2999 in
1066 2938 1183 3012 ‚us‘
1228 2940 1527 3000 exeuntes
1585 2933 1940 2999 masculina
1982 2938 2126 2996 sunt
2168 2930 2396 3013 factae,
2443 2929 2557 2996 sed
2600 2931 2682 2995 ab
2725 2950 2800 2996 eo
2840 2930 3014 3014 quod

659 3041 756 3100 est
795 3035 1005 3100 salix
1039 3034 1444 3118 Francogalli
1491 3035 1573 3116 ,le
1612 3034 1838 3124 saule‘,
1881 3052 1921 3097 a
1962 3033 2156 3098 tilia
2195 3031 2401 3097 Italici
2443 3029 2690 3114 ‚tiglio‘,
2741 3029 3009 3096 Valachi

659 3135 833 3218 ‚tein‘
874 3134 1225 3200 masculina
1266 3134 1646 3201 derivarunt.

824 3268 1009 3347 Quod
1052 3289 1129 3335 eo
1173 3269 1421 3336 facilius
1468 3268 1717 3351 accidit,
1762 3268 1912 3351 quia
1953 3288 2078 3335 vox
2121 3265 2440 3350 generalis
2482 3263 2726 3331 arbor
2767 3264 2854 3329 ad
2896 3285 3010 3348 ge·

662 3389 779 3436 nus
824 3371 1236 3436 masculinum
1267 3369 1535 3452 transiit,
1580 3389 1705 3452 quo
1749 3387 1981 3452 genere
2023 3366 2253 3451 legitur
2294 3367 2358 3433 in
2404 3364 2684 3451 inscript.
2720 3365 2924 3450 Lyon.
2955 3369 3013 3447 1,

662 3471 763 3552 27,
808 3472 1063 3556 saepius
1106 3471 1171 3536 in
1204 3471 1409 3536 edicto
1439 3469 1807 3554 Liutprandi
1851 3467 2022 3553 regis
2057 3465 2617 3552 Longobardorum
2659 3472 2721 3531 et
2763 3465 2826 3530 in
2849 3465 3016 3532 Con·

666 3572 812 3639 cilio
858 3570 1194 3638 Autissiod.
1242 3590 1300 3635 a.
1344 3570 1502 3651 586,
1544 3574 1772 3656 postea
1813 3570 1876 3634 in
1922 3569 2142 3635 charta
2185 3588 2242 3635 a.
2282 3568 2445 3635 1127
2486 3567 2638 3651 Esp.
2688 3566 2872 3648 Sagr.
2913 3566 3016 3646 50,

664 3673 805 3751 588,
848 3672 1013 3738 unde
1036 3671 1475 3754 Francogallis
1509 3671 1740 3753 ,arbre‘
1760 3691 1955 3736 masc.
1982 3677 2096 3735 est.
2155 3671 2246 3735 Ac
2268 3669 2550 3734 nonnihil
2575 3667 2866 3732 viderunt
2893 3665 3019 3731 viri

666 3773 853 3855 docti,
901 3774 1006 3855 qui
1052 3791 1177 3837 non
1218 3772 1406 3837 modo
1435 3771 1690 3853 exitum,
1735 3770 1849 3836 sed
1890 3770 2076 3836 etiam
2110 3767 2634 3853 significationem
2661 3785 2737 3832 eo
2773 3766 3020 3849 aliquid

667 3874 945 3939 valuisse
988 3878 1375 3938 censuerunt.
1464 3871 1814 3937 Masculino
1859 3871 2021 3936 enim
2066 3870 2164 3935 usi
2206 3875 2350 3934 sunt
2404 3869 2469 3933 in
2512 3867 2744 3950 linguis
2789 3867 3056 3932 Roma-.

667 3973 861 4056 nicis,
906 3980 973 4039 ut
1012 3993 1126 4039 nos
1174 3973 1437 4039 dicimus
1480 3972 1617 4056 ,der
1657 3973 1904 4050 baum‘,
1948 3991 2087 4036 cum
2129 3990 2256 4035 non
2297 3970 2379 4034 ad
2432 3968 2816 4034 fertilitatem
2852 3966 3020 4032 fruc-

667 4084 961 4158 tuumque
1003 4073 1454 4139 abundantiam
1508 4073 1786 4139 animum
1847 4070 2272 4149 intenderent,
2335 4068 2449 4134 sed
2515 4069 2598 4134 ad
2659 4068 3021 4133 firmitatem

670 4181 733 4240 et
788 4174 1181 4240 altitudinem
1236 4175 1561 4255 arborum,
1606 4193 1770 4257 quae
1811 4191 2126 4239 ramorum
2168 4169 2392 4235 umbra
2435 4174 2496 4234 et
2543 4189 2583 4233 a
2637 4168 2792 4234 solis
2836 4173 3022 4233 aestu

670 4281 733 4341 et
776 4275 857 4340 ab
899 4275 1119 4341 imbris
1161 4275 1560 4340 vehementia
1602 4274 1889 4340 homines
1943 4277 2227 4351 tuentur,
2294 4288 2455 4353 quae
2510 4268 2701 4335 fessis
2743 4275 2806 4335 et
2847 4268 3021 4334 fame

672 4374 773 4441 vel
828 4375 929 4440 siti
973 4375 1153 4441 tortis
1196 4375 1507 4441 fructuum
1555 4374 2018 4440 oblectamenta
2059 4371 2444 4454 largiuntur,
2509 4389 2671 4476 quae
2728 4369 3020 4456 omnibus

670 4476 1063 4570 tempestatis
1094 4475 1428 4569 impetibus
1469 4475 1822 4573 intrepidae
1867 4474 2181 4557 resistunt,
