3300 5042
1559 332 1974 400 „46-

578 500 864 567 nonnihil
921 501 1005 567 ad
1057 502 1123 567 id
1167 505 1464 585 contulit,
1525 518 1594 576 ut
1650 519 1995 596 argenteae
2040 519 2103 579 et
2144 514 2519 598 posterioris
2562 515 2791 582 aetatis
2836 538 2946 583 ex-

578 600 789 683 empla
833 602 1319 686 conjungerem3
1365 625 1560 691 saepe
1605 612 1771 677 enim
1820 613 2093 679 dubitari
2137 621 2366 699 potest,
2412 616 2536 680 utri
2559 618 2753 683 aetati
2800 638 2947 683 cum

576 698 774 780 tituli,
839 705 970 766 tum
1015 703 1138 767 loci
1181 705 1385 770 Italae
1430 712 1814 777 attribuendi
1860 716 2004 783 sint.
2092 714 2471 798 Origines
2504 714 2811 781 Isidori
2873 722 2948 782 et

577 797 948 881 Glossas‚
1011 822 1395 887 quamquam
1449 813 1753 878 nonnulla
1809 814 1873 879 in
1918 836 2029 881 eas
2074 836 2154 881 ex
2197 816 2411 899 prisca
2453 816 2673 899 lingua
2712 816 2948 881 Latina

573 896 834 964 fluxisse
879 908 1154 986 constat,
1222 909 1433 970 tamen
1497 917 1859 995 postremae
1914 917 2079 1001 parti
2128 916 2403 997 attribui,
2447 916 2598 999 quia
2640 918 2836 981 multa
2876 916 2947 981 in

574 996 651 1061 iis
707 1003 880 1077 sunt,
939 1020 1104 1083 quae
1169 1024 1250 1067 ex
1315 1007 1564 1090 vulgari
1631 1030 1923 1079 sermone
1986 1016 2122 1081 eius
2186 1036 2309 1099 quo
2366 1014 2756 1099 compositae
2798 1022 2948 1081 sunt

575 1098 804 1163 aetatis
847 1098 1080 1165 hausta
1124 1122 1266 1168 esse
1314 1115 1600 1191 apparet,
1647 1113 1819 1178 velut
1853 1116 2027 1199 apud
2051 1115 2365 1181 Isidorum
2399 1114 2619 1196 ,folia‘‚
2662 1115 2726 1179 in
2757 1116 2943 1180 Glos-

573 1200 662 1262 sis
698 1197 1064 1265 casselanis
1107 1204 1344 1269 saeculi
1389 1209 1643 1293 septimi
1686 1219 1915 1297 ,prata‘
1958 1223 2023 1281 et
2063 1217 2391 1297 ,membra‘
2438 1215 2743 1281 feminina
2785 1214 2945 1281 effe-

571 1302 808 1362 runtur.

738 1396 836 1463 De
881 1397 974 1463 eis
1019 1399 1272 1484 formis,
1329 1424 1488 1486 quas
1545 1409 1676 1475 alia
1718 1418 1929 1479 aetate
1974 1415 2102 1481 alio
2146 1434 2384 1498 genere
2426 1413 2749 1479 adhibitas
2794 1434 2941 1479 esse

573 1496 742 1577 dixi,
807 1497 977 1562 haud
1035 1498 1260 1582 ignoro
1327 1522 1523 1591 saepe
1589 1530 1715 1575 non
1779 1531 2041 1596 prorsus
2096 1518 2493 1601 exploratum
2548 1533 2726 1593 esse,
2794 1518 2944 1579 utra

571 1596 878 1663 vetustior
933 1597 1048 1680 sit,
1116 1619 1259 1665 cum
1311 1622 1552 1688 magna
1604 1628 1759 1693 pars
1814 1612 2113 1679 librorum
2156 1614 2524 1681 Latinorum
2568 1633 2695 1679 non
2739 1632 2942 1695 usque

573 1696 656 1762 ad
698 1706 916 1762 nostra
958 1705 1248 1784 tempora
1291 1716 1654 1790 propagata
1697 1712 1805 1794 sit,
1849 1721 2297 1798 praeterquam
2341 1714 2511 1797 quod
2552 1715 2773 1798 lingua
2814 1714 2937 1778 La-

573 1796 708 1862 tina
755 1802 817 1862 et
857 1797 1054 1863 multo
1102 1807 1247 1867 ante
1289 1801 1526 1888 floruit,
1575 1828 1763 1891 quam
1810 1814 1893 1878 ad
1936 1814 2131 1880 libros
2176 1814 2603 1881 conficiendos
2648 1814 2939 1879 adhibita

572 1901 698 1977 est,
765 1902 828 1961 et
887 1916 1012 1962 non
1071 1904 1204 1965 tota
1245 1902 1310 1966 in
1356 1906 1598 1990 scripta
1639 1916 1737 1975 est
1780 1914 2059 1981 redacta.
2149 1916 2245 1981 Ac
2284 1934 2365 1979 ne
2410 1934 2488 1979 ex
2534 1913 2613 1979 iis
2658 1914 2934 1998 quidem,

570 2014 736 2078 quae
778 2004 1036 2061 servata
1077 2006 1242 2083 sunt,
1285 2022 1388 2069 me
1433 2007 1667 2090 omnia,
1712 2030 1876 2094 quae
1923 2013 2045 2081 huc
2086 2016 2421 2101 pertinent,
2470 2014 2772 2097 colligere
2816 2034 2932 2099 po·

568 2096 765 2160 tuisse
821 2094 1045 2161 iterum
1109 2098 1395 2182 legentes
1441 2111 2023 2179 commonefaciam.
2112 2114 2357 2196 Quare,
2424 2114 2478 2179 si
2533 2114 2664 2180 dixi
2720 2114 2935 2198 prisca

570 2194 672 2259 vel
741 2213 936 2259 aurea
986 2195 1245 2280 linguae
1292 2201 1560 2272 Latinae
1603 2216 1816 2277 aetate
1874 2220 2098 2279 neutra
2138 2214 2203 2279 in
2251 2214 2557 2279 feminina
2602 2234 2743 2281 esse
2786 2234 2933 2280 con-

568 2312 758 2359 versa
821 2300 974 2377 etc.,
1040 2315 1490 2385 nonnunquam
1556 2308 1713 2374 nihil
1779 2312 1953 2379 aliud
1998 2315 2411 2400 comprobare
2453 2314 2748 2381 volebam
2791 2314 2929 2397 nisi,

571 2392 783 2476 quoad
828 2394 1012 2458 nobis
1060 2403 1212 2463 nota
1253 2409 1427 2485 sunt,
1471 2406 1679 2490 primo
1722 2410 1863 2489 illo,
1920 2413 2150 2480 deiude
2196 2415 2316 2480 hoc
2363 2434 2597 2498 genere
2642 2417 2925 2482 substan-

567 2494 702 2557 tiva
744 2492 857 2558 illa
898 2494 1139 2579 scripta
1180 2498 1468 2567 inveniri.
1553 2506 1797 2574 Tamen
1839 2516 2311 2600 perspicuitatis
2356 2535 2552 2582 causa
2594 2536 2703 2599 ea,
2767 2534 2926 2600 quae

569 2592 839 2657 diversis
883 2599 1276 2679 temporibus
1320 2601 1572 2671 diverso
1619 2627 1855 2691 genere
1899 2621 2298 2700 usurpantur,
2344 2616 2425 2680 ab
2470 2614 2569 2695 iis,
2614 2634 2779 2699 quae
2824 2634 2930 2680 ea-

567 2697 712 2763 dem
756 2697 891 2763 fere
935 2706 1143 2765 aetate
1188 2701 1332 2766 aliis
1377 2705 1504 2769 alio
1547 2726 1785 2789 genere
1826 2713 1986 2778 locis
2030 2716 2334 2793 existunt,
2382 2716 2745 2801 separanda
2788 2734 2933 2781 esse

569 2797 958 2882 existimavi,
1004 2804 1068 2865 et
1107 2800 1270 2867 haec
1312 2804 1565 2886 quidem
1611 2806 1739 2873 illis
1784 2815 2137 2898 anteposui.

731 2899 804 2962 In
848 2899 928 2963 iis
973 2905 1218 2980 autem,
1262 2921 1426 2985 quae
1471 2904 1667 2973 dubia
1710 2918 1885 2991 sunt,
1933 2914 2142 2979 causis
2187 2934 2267 2979 ex
2313 2914 2777 2997 significatione
2821 2933 2931 2979 vo-

568 2999 935 3064 cabulorum
983 3000 1283 3085 sumptis,
1337 3009 1480 3068 utra
1523 3004 1729 3073 forma
1772 3012 2089 3094 antiquior
2132 3012 2215 3079 sit
2254 3033 2373 3099 pro
2418 3021 2590 3080 certo
2635 3012 2928 3081 c’oncludi

563 3118 758 3182 posse
800 3098 956 3163 mihi
998 3100 1252 3183 quidem
1294 3106 1668 3187 persuaderi
1713 3129 1839 3175 non
1883 3120 2127 3197 potest,
2192 3134 2333 3180 cum
2392 3115 2624 3199 ubique
2670 3116 2931 3198 linguae

563 3198 820 3263 licentia
864 3200 1052 3265 certis
1095 3200 1360 3267 rationis
1405 3206 1642 3272 normis
1685 3210 1822 3293 regi
1867 3231 1992 3277 non
2017 3215 2241 3298 possit.
2328 3215 2575 3281 Dixerit
2610 3216 2929 3300 quispiam

564 3317 676 3363 eas
712 3297 970 3383 formas,
1015 3324 1182 3386 quae
1225 3308 1397 3391 apud
1436 3308 1899 3376 vetustissimos
1940 3313 2129 3378 modo
2174 3313 2517 3399 scriptores
2562 3334 2709 3380 raro
2750 3333 2927 3379 usur-

564 3403 756 3480 patae
810 3408 1039 3484 postea
1078 3406 1273 3488 plane
1317 3408 1759 3492 aboleverunt,
1815 3411 2172 3495 primitivas
2234 3434 2397 3481 esse.
2484 3414 2613 3480 Sed
2671 3434 2750 3480 ne
2805 3416 2931 3480 hoc

565 3497 853 3582 quidem,
929 3506 1220 3584 quamvis
1265 3507 1544 3591 aliquam
1587 3509 1823 3575 habeat
1863 3514 2505 3598 verisimilitudinem,
2576 3536 2695 3599 pro
2754 3522 2928 3581 certo

562 3596 832 3662 audeam
879 3603 1280 3670 contendere.
1369 3607 1582 3684 Quare
1624 3610 1996 3694 plerumque
2059 3613 2123 3677 in
2168 3634 2244 3681 eo
2288 3615 2799 3699 acquiescamus,
2857 3621 2930 3681 ut

559 3695 776 3779 prisca
806 3698 920 3763 illa
952 3708 1162 3769 aetate
1203 3705 1444 3772 viribus
1485 3710 1704 3793 populi
1751 3710 2111 3794 vigentibus
2154 3714 2439 3797 linguam
2483 3715 2753 3783 diversis
2796 3716 2925 3782 for—

558 3794 680 3860 mis
724 3796 1086 3867 abundasse
1129 3803 1593 3888 intellegamus.

725 3897 1038 3965 Graeca
1080 3910 1288 3968 autem
1334 3907 1683 3990 vocabula,
1743 3930 1908 3993 quae
1952 3930 1992 3975 a
2033 3911 2278 3978 Latinis
2322 3913 2577 3981 diverso
2620 3915 2926 3979 attributa

559 4002 706 4061 sunt
759 4000 1014 4083 generi,
1081 4002 1327 4068 etiamsi
1387 4025 1516 4071 non
1571 4010 1835 4092 proprio
1880 4030 1995 4076 suo
2037 4030 2271 4095 genere
2316 4014 2383 4077 in
2426 4014 2647 4098 lingua
2690 4014 2924 4080 Latina

559 4102 748 4162 antea
792 4097 1115 4183 leguntur,
1159 4122 1284 4167 non
1323 4105 1671 4173 omittenda
1714 4129 1856 4175 esse
1896 4112 2135 4193 censui,
2179 4132 2318 4178 cum
2362 4114 2427 4178 in
2471 4115 2571 4180 his
2614 4114 2925 4199 imprimis

549 4193 689 4277 jam
728 4197 957 4281 priscis
979 4201 1366 4286 temporibus
1411 4209 1665 4289 generis
1712 4209 2144 4276 confusionem
2173 4213 2479 4298 irrupisse
2504 4234 2924 4297 cognoscere-

555 4300 672 4362 tur.
717 4296 814 4362 Ea
837 4304 1065 4382 autem,
1111 4321 1329 4387 quae,
1377 4324 1516 4371 cum
1553 4308 1964 4376 aGrraecis
2002 4310 2315 4396 duplici
2356 4314 2924 4397 proferrentur

553 4413 877 4483 genere,
924 4419 965 4464 a
998 4399 1244 4467 Latinis
1289 4404 1470 4472 vario
1512 4428 1749 4492 genere
1794 4409 1855 4473 in
1901 4430 2080 4476 suam
2124 4410 2409 4496 linguam
2453 4415 2713 4481 inducta
2752 4421 2925 4499 sunt,
