3300 5042
1306 358 1716 428 ..13-

489 544 546 611 Ε
589 541 948 623 masculino
991 541 1054 607 in
1103 540 1470 608 femininum
1515 542 1636 607 hoe
1662 542 1850 609 modo
1886 560 2257 612 conversum
2296 548 2393 609 est
2419 542 2691 628 exempli

325 666 556 715 causa:
631 662 884 731 yurqes.
948 645 1198 726 ‚gurga‘
1244 643 1458 709 Grom.
1526 643 1634 709 lat.
1701 665 1762 728 p.
1806 644 1957 712 330.-
2011 644 2078 708 it.
2143 648 2392 728 ,gorga‘
2449 650 2569 713 etc.
2608 682 2691 693 --

325 750 612 832 ‚gurgus‘
658 743 853 811 Marc.
901 742 1082 827 Hisp.
1128 745 1250 809 col.
1293 742 1415 811 875
1461 762 1513 807 a.
1561 744 1701 811 957.
1746 743 1813 809 it.
1856 746 2104 828 ,gorgo‘
2138 750 2262 811 etc.
2350 743 2543 825 Diez,
2588 745 2688 809 Et.

330 848 430 911 W.
473 848 616 927 170,
658 851 875 911 contra
920 863 955 908 e
999 842 1300 909 feminino
1343 843 1408 908 in
1451 845 1864 910 masculinum
1908 845 2246 912 carduelis,
2331 844 2691 927 ‚cardellus‘

296 949 444 1014 NGl.
484 947 616 1011 Mai
659 945 748 1013 Ol.
791 944 970 1013 Auct.
1015 944 1076 1029 7,
1121 944 1260 1012 750.
1309 944 1711 1029 ‚carduellus‘
1756 951 1873 1011 etc.
1950 944 2241 1011 Diefenb.
2286 963 2429 1014 nov.
2476 946 2686 1013 Gloss.

347 1048 412 1114 it.
451 1046 786 1128 ,cardello‘.
831 1082 913 1093 —
1002 1045 1132 1112 Sed
1187 1065 1267 1110 ne
1321 1044 1386 1110 id
1433 1044 1686 1126 quidem
1728 1046 2353 1130 praetermittendum
2397 1052 2525 1129 est,
2572 1065 2689 1130 pro

351 1148 662 1213 vocabulis
703 1146 1068 1231 primitivis,
1113 1166 1277 1230 quae
1321 1144 1639 1211 secundae
1687 1153 1867 1211 erant
1908 1146 2383 1230 declinationis,
2426 1147 2687 1232 saepius

341 1247 836 1332 augmentativa,
882 1266 1043 1330 quae
1086 1247 1273 1312 tertia
1314 1245 1758 1329 flectebantur,
1816 1248 1880 1312 in
1922 1266 2210 1313 sermone
2254 1247 2503 1331 vulgari
2548 1266 2689 1314 esse

333 1350 558 1434 posita.
646 1347 836 1413 Velut
879 1353 940 1413 et
980 1350 1282 1431 ,scopius‘
1325 1353 1387 1412 et
1441 1346 1709 1430 ,scopio‘
1763 1353 2012 1413 veteres
2071 1348 2337 1413 Romani
2393 1348 2692 1415 dicebant

332 1469 406 1515 ac
446 1468 566 1533 pro
607 1449 916 1531 ,trulleus‘
958 1448 1215 1529 ,trullio‘
1259 1447 1560 1513 exhibent
1600 1448 1763 1513 Plin.
1807 1447 1949 1513 Val.
1995 1454 2057 1513 et
2098 1448 2217 1513 Th.
2261 1450 2457 1515 Prisc.
2488 1450 2549 1532 4,
2594 1451 2653 1515 1.

495 1550 838 1615 Praeterea
895 1568 1029 1619 cas
1051 1568 1167 1631 us,
1231 1548 1572 1633 praecipue
1631 1548 1947 1614 ablativus
2003 1555 2065 1615 et
2106 1550 2507 1616 accusativus
2549 1568 2689 1615 cum

337 1649 909 1733 praepositionibus
965 1650 1311 1733 conjuncti,
1376 1649 1442 1713 in
1496 1650 1717 1733 lingua
1760 1649 2010 1732 vulgari
2054 1650 2137 1715 ab
2182 1649 2435 1717 ineunte
2478 1648 2688 1715 medio

331 1770 512 1832 aem,
560 1756 625 1817 et
668 1751 876 1833 magis
920 1749 1109 1814 etiam
1155 1749 1387 1815 inde-a
1429 1756 1654 1832 quarto
1685 1771 1749 1834 p.
1776 1749 1888 1816 Oh.
1923 1770 1981 1816 n.
2010 1750 2287 1832 saecule,
2330 1750 2688 1835 promiscue

325 1851 457 1916 fere
501 1855 650 1915 sunt
690 1850 914 1935 positi3
989 1870 1067 1916 ac
1116 1850 1383 1935 primum
1428 1850 1679 1933 quidem
1722 1851 1787 1915 in
1832 1870 2093 1917 numero
2146 1850 2483 1935 singulari,
2548 1868 2689 1916 cum

327 1952 540 2017 littera
583 1953 712 2034 ,m‘,
767 1957 956 2036 prout
999 1951 1222 2035 cuique
1266 1950 1540 2033 libebat,
1601 1950 1667 2017 in
1725 1951 2090 2017 accusativo
2147 1952 2536 2019 omitteretur
2579 1956 2689 2018 aut

333 2050 720 2133 retineretur,
767 2052 832 2116 in
875 2052 1154 2117 ablativo
1199 2051 1570 2118 adiceretur.

501 2151 742 2217 Deinde
786 2152 924 2235 ubi,
977 2153 1150 2219 velut
1203 2153 1268 2218 in
1323 2152 1687 2219 accusativo
1732 2159 1795 2217 et
1838 2152 2119 2218 ablativo
2162 2151 2431 2237 pluralis
2476 2152 2579 2217 vel
2620 2150 2687 2217 in

339 2252 702 2335 pronomine
744 2252 865 2335 ,is‘,
909 2252 1303 2337 singulorum
1348 2272 1606 2323 casuum
1651 2254 1895 2319 formae
1931 2253 2100 2319 clare
2132 2260 2313 2320 erant
2335 2252 2687 2335 distinctae,

332 2353 704 2437 saepissime
753 2354 891 2436 jam
946 2353 1168 2438 primis
1228 2359 1376 2439 post
1432 2352 1747 2420 Christum
1805 2359 2020 2419 natum
2078 2354 2350 2427 saeculis
2398 2373 2688 2419 sermone

329 2453 579 2537 vulgari
623 2455 826 2519 altera
871 2453 1055 2519 alteri
1096 2455 1439 2521 substituta
1481 2459 1596 2521 est.
1664 2454 1939 2521 Maxime
1981 2455 2518 2538 praepositionum
2546 2474 2687 2521 cum

327 2554 739 2620 substantivis
785 2554 1292 2638 conjunctarum,
1358 2555 1696 2638 praecipue
1740 2554 2231 2639 praepositionis
2276 2556 2403 2637 ,in‘‚
2449 2556 2687 2639 quippe

327 2672 491 2737 quae
536 2662 599 2720 et
641 2654 920 2722 ablativo
963 2660 1028 2721 et
1069 2655 1433 2721 accusativo
1477 2656 1847 2737 adderetur,
1905 2675 2068 2739 quae
2114 2662 2282 2721 esset
2323 2661 2497 2721 recta
2540 2674 2686 2721 con-

326 2756 589 2822 structio
653 2754 940 2821 homines
997 2775 1262 2841 prorsus
1327 2757 1461 2823 fere
1529 2756 1711 2821 obliti
1782 2763 1980 2822 erant.
2076 2757 2418 2822 Praeterea
2475 2755 2686 2820 verbis

325 2855 521 2921 finitis
566 2856 673 2922 alii
717 2856 872 2922 alibi
917 2856 1450 2923 substantivorum
1507 2877 1693 2923 casus
1748 2857 1951 2922 additi
2006 2864 2168 2924 sunt.
2256 2856 2393 2934 Quo
2448 2855 2684 2921 factum

331 2963 444 3039 est,
489 2962 558 3021 ut
598 2964 940 3039 postremo,
986 2963 1323 3040 postquam
1367 2977 1584 3024 omnes
1617 2978 1755 3024 cum
1796 2958 2084 3023 omnibus
2116 2976 2300 3023 casus
2322 2955 2499 3020 mixti
2520 2963 2684 3038 sunt,

333 3076 588 3123 casuum
650 3056 970 3135 distinctio
1027 3059 1220 3143 plane
1282 3059 1802 3142 exstinqueretur,
1890 3059 2044 3124 Cum
2102 3063 2309 3124 autem
2368 3056 2525 3142 ipsis
2578 3076 2683 3122 ca-

323 3176 508 3223 suum
553 3156 1100 3230 terminationibus
1146 3178 1384 3243 genera
1425 3164 1892 3244 separarentur,
1938 3178 2201 3228 necesse
2225 3164 2380 3241 erat,
2424 3164 2512 3238 ut,
2558 3156 2684 3222 illis

323 3258 586 3340 deletis,
645 3258 804 3325 haec
845 3279 1093 3343 quoque
1138 3258 1688 3325 confunderentur.
1777 3260 1873 3324 De
1917 3246 1996 3325 ea
2039 3278 2297 3325 casuum
2342 3265 2682 3323 commuta-

323 3358 496 3424 tione
539 3357 844 3441 inspicias
887 3360 1159 3444 exempli
1207 3379 1400 3426 causa
1439 3360 1714 3442 Ronsch,
1759 3360 1835 3424 It.
1879 3381 1935 3425 u.
1982 3359 2167 3444 Vulg.
2201 3358 2683 3446 pag.406--15,

323 3458 569 3537 Krane,
638 3460 733 3524 De
791 3460 1333 3544 praepositionum
1398 3481 1512 3527 usu
1575 3461 1747 3545 apud
1806 3480 1920 3525 sex
1983 3461 2321 3545 scriptores
2379 3460 2683 3526 historiae

324 3562 656 3644 Augustae
702 3559 1153 3643 (Vindobonae
1201 3561 1422 3645 1882),
1463 3581 1612 3648 pag.
1654 3561 1769 3644 92,
1811 3561 2267 3647 praefationem
2312 3560 2570 3628 Roberti
2600 3560 2682 3625 ad

326 3660 610 3727 codicem
655 3660 1142 3744 Lugdunensem
1179 3662 1611 3745 Pentateuchi,
1654 3662 1927 3729 indicem
1970 3661 2305 3727 voluminis
2347 3662 2505 3729 VIII
2547 3681 2686 3729 ccr-

325 3761 499 3843 poris
544 3761 1019 3845 inscriptionum
1063 3761 1464 3845 Latinarum,
1526 3764 1803 3846 Hagenii
1866 3761 2374 3829 dissertationem
2420 3762 2498 3829 de
2545 3762 2681 3829 Ori-

331 3860 493 3924 basii
533 3860 824 3927 versione
868 3861 1114 3929 Latina.

492 3960 778 4047 Denique
839 3961 1050 4028 medio
1113 3982 1273 4029 aevo
1331 3982 1632 4047 generum
1690 3963 2093 4029 commutatio
2148 3961 2681 4029 assonantiae

327 4060 534 4128 studio
577 4064 828 4129 videtur
871 4082 1012 4129 esse
1057 4062 1308 4146 adjuta3
1373 4064 1748 4148 saepissime
1795 4064 1991 4142 enim,
2050 4062 2155 4127 ubi
2201 4061 2325 4127 duo
2368 4062 2683 4128 vocabula

323 4160 614 4230 diversas
655 4166 721 4229 in
769 4164 1052 4247 syllabas
1097 4164 1392 4229 exeuntia
1428 4162 1618 4247 juxta
1661 4164 1959 4249 ponenda
2015 4170 2225 4245 erant,
2282 4163 2546 4228 alterum
2590 4165 2679 4229 al-

319 4264 475 4346 teri,
530 4266 706 4330 nulla
749 4264 993 4330 ratione
1038 4264 1280 4343 numeri
1323 4265 1424 4331 vel
1469 4284 1658 4331 casus
1701 4264 2100 4349 grammatici
2144 4262 2391 4347 habita,
2436 4283 2681 4329 accom-

317 4363 650 4430 modatum
693 4371 807 4431 est.
895 4365 1082 4431 Velut
1123 4364 1188 4429 in
1246 4364 1542 4431 chronico
1584 4364 2017 4431 Novaliciensi
2079 4383 2229 4447 pag.
2273 4364 2311 4430 5
2374 4362 2677 4446 legimus:

321 4472 487 4548 ,erat
531 4471 709 4531 tanta
746 4464 1084 4549 vigilantia
1127 4472 1189 4530 et
1231 4465 1440 4531 studia
1485 4466 1890 4547 sanctitatis‘‚
1950 4463 2117 4549 apud
2163 4466 2532 4547 Agnellum,
2578 4466 2683 4547 qui

378 4568 560 4617 Appel
576 4596 588 4619 ‚
616 4568 671 4609 de
697 4576 856 4611 neutro
882 4570 1146 4610 intereunte.
2224 4565 2287 4633 2
