3300 5042
1484 276 1965 346 ‘-42-

580 479 766 541 rom„
809 459 1045 526 nubila.
1091 463 1157 526 it.
1197 459 1481 541 ,nuvola‚
1525 458 1798 525 nuvolo‘.
1857 458 2095 524 Eodem
2127 459 2461 526 referenda
2495 465 2640 526 sunt
2657 457 2938 544 pluralia

579 566 821 626 tantum
864 579 1074 646 arma,
1116 562 1351 644 spolia,
1392 562 1632 626 viscera
1679 559 1754 641 (it
1791 560 1954 645 plur.
2004 559 2150 625 fem.
2193 560 2530 642 ,viscera‘).
2614 557 2935 645 Imprimis

580 660 959 745 corporis
1002 662 1334 728 membra
1376 659 1786 726 memoranda
1807 666 1970 738 sunt,
2011 659 2218 744 ipsum
2241 661 2617 726 vocabulum
2637 659 2932 734 membra,

580 760 809 827 deinde
852 779 1020 845 ossa,
1065 768 1375 847 tempora,
1418 763 1716 846 inquina,
1756 761 1897 844 ilia,
1937 761 2206 827 verenda
2217 783 2247 843 ,·
2295 762 2529 826 vellera
2571 760 2649 826 de
2690 759 2931 826 bestiis.

582 861 746 940 Quin
802 861 884 927 ab
941 881 1017 928 eo
1060 861 1231 945 quod
1275 867 1372 928 est
1394 851 1643 947 'hepata
1686 861 2038 928 derivatum
2081 861 2283 927 Italici
2326 861 2537 947 ,hepa‘
2578 861 2658 926 de
2712 865 2934 926 ventre

582 963 817 1028 dicunt.

743 1060 1059 1127 Addenda
1100 1067 1245 1127 sunt
1283 1061 1383 1127 his
1426 1063 1748 1142 nonnulla,
1791 1081 1974 1145 quae,
2019 1081 2157 1127 cum
2203 1081 2452 1147 semper
2494 1061 2627 1127 bin
2648 1081 2688 1126 a
2723 1065 2938 1126 essent

582 1161 1048 1247 conjuncta,
1090 1181 1349 1228 numero
1390 1162 1621 1247 plurali
1667 1161 1874 1226 efferri
1920 1163 2210 1228 solebant
2249 1168 2312 1227 et
2351 1182 2477 1227 non
2509 1162 2714 1227 minus
2746 1179 2934 1244 quam

584 1261 697 1328 illa
749 1262 1081 1328 collectiva
1134 1261 1319 1345 quasi
1374 1283 1501 1327 una
1559 1281 1663 1328 res
1721 1262 2209 1346 accipiebantur.
2297 1261 2480 1327 Velut
2521 1263 2602 1328 ab
2646 1281 2724 1328 eo
2765 1261 2935 1345 quod

586 1369 684 1429 est
724 1362 909 1427 labra
948 1362 1016 1426 it.
1060 1364 1347 1444 ,labbro‘,
1390 1363 1478 1447 pl.
1505 1362 1647 1428 fem.
1677 1362 1946 1445 ,labbra‘
1990 1363 2338 1428 derivatum
2379 1368 2493 1445 est,
2538 1382 2578 1427 a
2607 1361 2838 1427 labella
2857 1360 2934 1426 fr.

584 1464 675 1546 ,la
712 1461 988 1543 labelle‘,
1030 1481 1073 1527 a
1110 1464 1447 1548 supercilia
1487 1462 1657 1529 lusit.
1692 1464 2129 1545 ,sobrecelha‘,
2179 1483 2219 1528 a
2260 1462 2552 1528 bracchia
2592 1462 2710 1527 lus.
2755 1481 2935 1545 prov.

586 1566 853 1648 ,brassa‘
876 1569 992 1630 etc.
1037 1563 1116 1629 cf.
1144 1563 1303 1628 Diez
1321 1563 1393 1628 Ε.
1420 1563 1515 1627 W.
1536 1564 1646 1646 653
1691 1570 1773 1630 ab
1795 1565 1988 1630 ubera
2009 1565 2078 1631 it.
2097 1565 2355 1647 ,ubero‘,
2388 1564 2475 1647 pl.
2500 1562 2647 1630 fem.
2674 1562 2936 1645 ,ubera‘.

544 1679 555 1693 ·
588 1665 770 1730 Adde
812 1665 1231 1730 calceamenta
1272 1671 1334 1730 et
1382 1665 1686 1750 cymba-la.

751 1765 989 1833 Eodem
1012 1765 1221 1844 modo,
1266 1784 1390 1848 quo
1430 1766 1545 1830 illa
1574 1764 1926 1844 collectiva,
1971 1764 2101 1830 alia
2141 1773 2384 1846 neutra,
2429 1785 2567 1830 cum
2609 1762 2943 1849 pluraliter

586 1885 781 1952 saepe
824 1872 1292 1950 usurparentur,
1336 1866 1401 1929 in
1442 1864 1749 1934 feminina
1790 1865 1936 1931 ideo
1983 1885 2290 1932 conversa
2330 1871 2494 1948 sunt,
2541 1864 2730 1949 quod,
2776 1883 2942 1946 quae

587 1966 841 2052 proprie
872 1986 953 2032 ex
972 1966 1185 2032 multis
1206 1966 1494 2051 partibus
1525 1965 1920 2046 constabant,
1963 1965 2037 2030 in
2080 1986 2172 2031 un
2191 1986 2302 2031 am
2333 1966 2744 2032 notionem
2771 1983 2943 2030 coa·

588 2069 926 2134 luerunt.
973 2067 1070 2130 Ad
1114 2067 1235 2132 hoc
1276 2085 1478 2149 genus
1519 2069 1865 2152 pertinent:
1898 2065 2340 2148 fundamenta,
2385 2066 2464 2132 de
2499 2084 2624 2149 quo
2651 2065 2730 2132 cf.
2754 2084 2817 2149 p.
2839 2064 2943 2147 27,

592 2169 783 2249 dicta,
812 2168 1151 2251 promissa,
1193 2187 1491 2252 responsa
1536 2174 1653 2234 etc.
1700 2167 1780 2233 cf.
1824 2185 1885 2250 p.
1911 2166 2012 2233 25.
2082 2166 2307 2232 Eidem
2329 2167 2545 2251 generi
2579 2165 2942 2231 adscriben-

591 2267 709 2333 dus
733 2265 938 2349 major
976 2287 1269 2334 numerus
1314 2287 1527 2334 eorum
1571 2267 2126 2346 substantivorum,
2168 2286 2332 2350 quae
2376 2260 2456 2332 ex'
2497 2265 2938 2350 adjectivis

591 2367 967 2434 derivata
1008 2367 1089 2433 ad
1133 2368 1387 2452 linguas
1412 2368 1809 2433 Romanicas‘
1835 2372 2270 2452 pervenerunt,
2317 2367 2488 2433 velut
2529 2369 2703 2450 data,
2747 2368 2928 2454 expli-

592 2470 722 2533 cita
765 2467 870 2550 (D.
913 2466 984 2533 Ε.
1030 2467 1123 2531 W.
1171 2469 1344 2550 579),
1382 2475 1588 2554 qesta,
1633 2470 1862 2534 merita
1905 2468 2185 2553 (comm.)
2203 2516 2222 2548 ,
2264 2487 2456 2552 nova,
2489 2477 2762 2554 parata,
2796 2489 2934 2554 pec-

592 2575 755 2649 cata,
798 2567 1069 2634 reddita.
1156 2566 1315 2634 Cum
1357 2569 1523 2635 enim
1566 2565 1840 2635 dubitari
1882 2569 2105 2654 possit,
2153 2588 2300 2634 num
2343 2569 2626 2634 feminini
2673 2569 2943 2636 alicuius

594 2667 912 2735 subauditi
955 2688 1156 2752 genus
1200 2676 1418 2735 secuta
1460 2671 1619 2753 sint,
1683 2677 1930 2751 tamen,
1995 2669 2146 2752 quia
2187 2670 2250 2734 in
2292 2669 2520 2735 iisdem
2563 2670 2752 2737 medii
2799 2671 2944 2738 aevi
2987 2683 2993 2692 '

594 2769 846 2854 scriptis
887 2770 1087 2834 multa
1129 2777 1192 2835 et
1230 2775 1453 2836 neutra
1494 2777 1557 2836 et
1599 2771 1902 2836 feminina
1946 2771 2256 2854 legantur,
2302 2789 2336 2835 e
2379 2771 2616 2837 neutris
2652 2772 2948 2837 videntur

594 2875 733 2936 orta
776 2889 935 2936 esse.
1020 2869 1285 2951 Deinde,
1331 2890 1471 2936 cum
1491 2870 1845 2954 pluralibus
1886 2889 2048 2953 quae
2091 2877 2235 2936 sunt
2273 2872 2619 2936 miracul
2632 2893 2675 2936 a
2716 2879 2778 2938 et
2817 2874 2946 2936 mi·

592 2971 895 3037 rabilia
946 2969 1236 3053 singulae
1287 2970 1440 3036 facti
1483 2969 1727 3054 egregii
1770 2977 1986 3052 partes
2031 2970 2372 3054 antiquitus
2419 2971 2946 3055 significarentur,

594 3071 859 3158 pluralis
893 3071 1083 3140 cessit
1110 3070 1437 3155 singulari,
1470 3071 1616 3136 inde
1644 3071 1808 3156 hisp.
1833 3070 2238 3155 ,miraviglia‘
2261 3079 2399 3155 etc,
2425 3072 2590 3138 lusit.
2616 3072 2945 3156 ,miracla‘,

594 3173 781 3257 prisc.
828 3172 903 3236 fr.
946 3171 1249 3254 ,miracle‘
1291 3191 1511 3239 comm.
1561 3173 1640 3238 cf.
1688 3172 1847 3237 Diez
1892 3172 1996 3237 Gr.
2041 3173 2154 3238 ΙΙ3
2195 3173 2407 3257 p.’23.
2479 3183 2482 3188 ·

757 3262 1195 3358 Evanqelia
1237 3277 1447 3336 autem
1490 3313 1569 3326 --
1615 3273 1989 3357 saepissime
2010 3272 2221 3338 medio
2249 3291 2407 3338 aevo
2436 3272 2500 3337 in
2531 3271 2800 3339 formula
2843 3291 2944 3338 so-

596 3372 788 3438 lemni
848 3372 1081 3457 ,jurare
1146 3391 1339 3455 supra
1404 3372 1545 3454 (ad,
1588 3393 1705 3458 per
1747 3375 1893 3454 etc.)
1941 3379 2161 3456 sancta
2204 3373 2308 3438 dei
2351 3373 2703 3456 evangelia‘
2748 3371 2945 3454 (Mon.

598 3472 677 3537 Η.
722 3474 792 3538 Ρ.
839 3473 951 3539 Ch.
988 3474 1060 3555 1,
1104 3472 1227 3540 708
1271 3492 1329 3538 a.
1376 3472 1537 3540 1093
1581 3481 1698 3539 etc.
1789 3473 2112 3540 Hincmari
2176 3473 2506 3540 Remensis
2567 3480 2716 3538 ann.
2776 3471 2946 3539 Mon.

600 3573 677 3639 Gr.
722 3573 787 3640 S.
834 3576 889 3654 1,
933 3573 1094 3656 468,
1144 3573 1253 3652 32)
1317 3579 1686 3658 usurpatum
1739 3611 1821 3620 —
1878 3595 1913 3640 e
1959 3581 2179 3640 neutro
2234 3575 2605 3642 femininum
2659 3573 2796 3639 fieri
2827 3593 2946 3645 ‚ne-

589 3693 777 3759 cesse
820 3680 987 3756 erat,
1043 3673 1194 3756 quia
1235 3672 1395 3738 haec
1438 3675 1676 3758 scripta
1717 3675 1782 3738 in
1823 3694 2014 3740 unum
2059 3695 2286 3762 corpus
2330 3678 2596 3742 collecta
2639 3673 2803 3739 tradi
2846 3692 2946 3738 so-

598 3773 746 3840 lent.
830 3772 988 3839 Inde
1042 3773 1108 3838 in
1161 3772 1382 3856 lingua
1436 3773 1893 3858 francogallica
1956 3775 2146 3841 medii
2210 3777 2351 3842 aevi
2407 3775 2747 3859 ,evangile‘
2799 3773 2946 3840 fem.

600 3873 949 3940 derivatum
994 3878 1109 3955 est,
1154 3874 1322 3956 quod
1362 3892 1562 3956 usque
1605 3874 1691 3938 ad
1731 3876 2050 3942 saeculum
2096 3879 2194 3946 17.
2263 3897 2466 3961 genus
2497 3876 2800 3941 muliebre
2829 3876 2947 3940 tui-

600 3979 732 4040 tum
790 3978 916 4054 est,
984 3973 1062 4040 cf.
1122 3971 1395 4058 Ampere
1453 3996 1515 4058 p.
1560 3975 1674 4055 50,
1740 3975 2170 4043 Darmesteter
2223 3999 2288 4063 p.
2331 3977 2472 4045 251.
2559 3976 2802 4043 Eadem
2868 3975 2947 4040 de

602 4093 799 4153 causa
838 4075 1081 4158 ,biblia‘
1122 4074 1201 4140 de
1243 4075 1421 4140 libris
1465 4077 1665 4142 sacris
1709 4075 1939 4143 dictum
1985 4084 2046 4142 et
2077 4077 2422 4160 ,chronica‘
2466 4077 2550 4143 ad
2581 4077 2947 4144 femininum

600 4194 802 4260 genus
844 4175 1091 4246 detorta
1132 4182 1293 4241 sunt.

766 4275 1283 4347 Sacramenta
1323 4281 1385 4342 et
1424 4282 1605 4342 vota
1646 4282 1827 4342 erant
1864 4278 2217 4362 complures
2259 4277 2568 4344 formulae
2613 4271 2838 4361 quibus
2881 4283 2951 4342 ut

604 4395 733 4444 una
772 4397 875 4444 res
918 4377 1269 4446 efficeretur
1311 4377 1792 4464 promittebatur
1808 4425 1824 4458 ‚
1876 4377 2189 4462 ‚praebuit
2230 4383 2648 4446 sacramenta‘
2706 4384 2773 4444 ut
2825 4377 2946 4444 for-
