3300 5042
1685 1297 1738 1362 1.

686 1447 962 1530 Imperio
998 1447 1286 1512 Romano
1320 1467 1362 1512 a
1391 1447 1727 1512 Germanis
1761 1446 1990 1528 deleto,
2033 1465 2171 1511 cum
2208 1465 2290 1509 ex
2320 1444 2580 1529 linguae
2607 1445 2895 1528 Latinae,

523 1565 636 1630 per
680 1545 922 1627 aliquot
963 1549 1225 1612 saecula
1250 1546 1425 1630 vulgi
1457 1547 1776 1631 imperitia
1815 1567 1894 1612 ac
1937 1545 2332 1629 negligentia
2373 1545 2435 1610 in
2459 1545 2894 1612 confusionem

523 1648 745 1726 datae,
788 1646 987 1712 ruinis
1020 1648 1407 1714 Romanicae
1450 1667 1611 1731 quas
1656 1667 1958 1714 vocamus
2001 1645 2472 1712 efflorescerent
2511 1647 2790 1728 linguae,
2835 1655 2898 1710 et

523 1745 867 1812 formarum
921 1747 1409 1814 commutatione
1466 1755 1531 1814 et
1582 1769 1689 1828 eo,
1748 1747 1918 1830 quod
1959 1747 2296 1812 intercedit
2333 1746 2497 1811 inter
2540 1753 2788 1810 veteres
2833 1752 2898 1810 et

522 1847 905 1912 recentiores
944 1848 1235 1932 populos,
1280 1847 1517 1930 ingenii
1564 1848 1930 1913 discrimine
1973 1847 2211 1911 factum
2256 1852 2382 1927 est,
2429 1852 2495 1910 ut
2539 1847 2896 1930 complures

523 1947 963 2013 distinctiones
1008 1949 1464 2029 grammaticae
1510 1954 1980 2015 evanescerent.
2045 1949 2142 2010 Ac
2182 1946 2440 2010 nomina
2483 1945 2734 2027 quidem
2781 1946 2895 2011 du·

522 2048 753 2130 plicem
780 2047 1173 2130 potissimum
1220 2047 1509 2112 fortunae
1550 2047 2050 2113 vicissitudinem
2093 2053 2358 2131 experta
2399 2065 2545 2112 esse
2586 2045 2894 2126 videmus,

524 2148 791 2213 alteram
834 2165 1093 2211 casuum
1140 2147 1359 2211 formis
1403 2145 1860 2229 intermortuis,
1905 2148 2214 2212 exstincto
2260 2167 2495 2230 genere
2536 2154 2758 2212 neutro
2803 2147 2893 2212 al·

524 2254 745 2313 teram.
821 2245 1079 2310 Illorum
1113 2247 1177 2310 in
1203 2247 1427 2318 locum,
1466 2247 1724 2313 lieentia
1751 2247 2058 2312 sermonis
2083 2248 2368 2330 vulgaris
2403 2248 2672 2329 adscita,
2707 2266 2893 2331 prae-

525 2346 875 2431 positiones
919 2366 1057 2411 cum
1102 2345 1516 2412 substantivis
1562 2347 1939 2432 conjunctae
1973 2354 2433 2428 successerunt,
2478 2347 2601 2411 hoc
2644 2353 2897 2430 praeter

524 2467 733 2530 pauca
776 2446 1091 2528 quaedam
1133 2446 1409 2542 vestigia
1466 2446 1558 2511 ita
1600 2447 1873 2513 deletum
1921 2453 2050 2530 est,
2111 2454 2178 2512 ut
2234 2448 2431 2512 multo
2485 2445 2694 2530 major
2741 2465 2896 2532 pars

523 2557 885 2613 neutrorum
930 2547 993 2611 in
1039 2547 1411 2626 masculina,
1456 2546 1661 2612 minor
1703 2549 1766 2611 in
1813 2549 2120 2613 feminina
2161 2553 2648 2613 converteretur.

688 2647 893 2712 Huius
924 2647 1431 2712 commutationis
1456 2667 1620 2729 quae
1648 2648 1882 2713 fuerint
1909 2649 1970 2711 in
2003 2647 2150 2732 ipsa
2173 2648 2395 2732 lingua
2419 2649 2670 2726 Latina,
2713 2664 2896 2731 prae-

524 2747 707 2831 cipue
752 2747 816 2810 in
860 2766 1150 2812 sermone
1195 2747 1445 2830 vulgari
1489 2755 1553 2812 et
1594 2750 1659 2813 in
1703 2748 1894 2813 medii
1939 2747 2081 2812 aevi
2127 2749 2500 2827 Latinitate,
2557 2767 2792 2813 causae
2836 2751 2900 2810 et

524 2847 724 2929 initia,
764 2848 959 2931 paulo
993 2847 1369 2929 accuratiuS,
1414 2866 1602 2930 quam
1636 2847 1845 2912 adhuc
1873 2847 2103 2912 sactum
2137 2854 2252 2929 est,
2298 2867 2616 2932 exponere
2660 2847 2723 2910 in
2764 2845 2897 2910 ani·

525 2968 692 3013 mum
736 2947 975 3027 induxi,
1021 2954 1083 3010 et
1123 2946 1218 3011 ita
1241 2947 1515 3029 quidem,
1560 2954 1630 3012 ut
1673 2953 2033 3012 neutrorum
2069 2946 2132 3011 in
2172 2945 2480 3012 feminina
2516 2953 2895 3012 mutatorum

525 3047 939 3133 praecipuam
992 3046 1301 3112 rationem
1356 3047 1647 3112 habeam.
1738 3047 1918 3125 Quae
1974 3049 2270 3128 quoniam
2330 3068 2469 3113 cum
2524 3053 2660 3114 tota
2704 3046 2896 3112 decli-

524 3151 849 3214 nationum
911 3155 975 3213 et
1038 3167 1340 3231 generum
1400 3147 1464 3212 in
1532 3146 1755 3231 lingua
1812 3147 2038 3212 Latina
2102 3149 2566 3232 permutatione
2623 3148 2898 3211 maxime

526 3251 889 3330 cohaerent,
934 3249 1100 3313 hanc
1143 3249 1299 3313 mihi
1340 3247 1563 3332 paucis
1607 3247 2049 3312 illustrandam
2095 3269 2238 3314 esse
2285 3247 2662 3314 existimavi.

690 3351 1003 3432 Linguam
1046 3348 1239 3431 igitur
1266 3347 1579 3429 Latinam,
1621 3367 1810 3429 qnam
1839 3352 2028 3414 certis
2058 3350 2612 3434 grammaticorum
2657 3345 2896 3430 regulis

526 3450 891 3516 adstrictam
946 3450 1126 3534 pueri
1184 3449 1249 3513 in
1304 3448 1471 3512 ludis
1526 3448 1806 3529 discunt,
1867 3448 2045 3515 initio
2100 3449 2444 3516 formarum
2498 3446 2898 3513 multitudine

528 3551 920 3630 abundasse,
978 3549 1207 3614 deinde
1257 3567 1336 3615 ea
1388 3555 1597 3614 aetate
1652 3568 1782 3632 qua
1834 3550 2170 3616 clarissimi
2225 3549 2522 3616 florerent
2563 3554 2792 3634 poetae
2837 3552 2931 3611 et·

527 3656 835 3732 oratores,
877 3645 1167 3732 quamvis
1193 3649 1258 3713 in
1297 3647 1627 3732 angustius
1665 3647 2009 3731 redactam,
2051 3670 2177 3716 non
2217 3657 2412 3715 totam
2445 3651 2633 3716 certis
2667 3647 2897 3713 finibus

527 3771 605 3815 ac
640 3750 877 3815 normis
914 3749 1050 3832 regi
1081 3748 1379 3832 potuisse,
1423 3754 1747 3832 postremo
1788 3757 2020 3831 autem,
2064 3770 2353 3815 sermone
2380 3749 2628 3832 vulgari
2669 3766 2898 3828 usque-

526 3869 776 3937 quaque
818 3849 1235 3934 irrumpente,
1295 3850 1503 3932 magis
1560 3851 1893 3933 magisque
1950 3850 2366 3935 depravatam
2411 3856 2474 3914 et
2530 3848 2612 3912 ab
2664 3865 2896 3911 aureae

528 3970 716 4034 quam
762 3968 1063 4016 vocamus
1119 3949 1347 4014 aetatis
1402 3950 1725 4034 elegantia
1769 3959 1832 4017 et
1887 3950 2310 4017 concinnitate
2363 3951 2554 4029 longe
2613 3965 2757 4011 esse
2799 3965 2896 4010 re·

526 4057 793 4132 motam,
837 4051 1113 4114 virorum
1157 4050 1483 4116 doctorum
1528 4058 1749 4118 nostra
1785 4051 2127 4137 praecipue
2168 4055 2381 4114 aetate
2420 4045 2896 4130 quaestionibus

527 4151 686 4217 satis
730 4151 1117 4216 intellectum
1162 4158 1275 4218 est.

692 4251 761 4315 Si
805 4251 889 4315 ad
932 4271 1135 4335 genus
1179 4251 1716 4319 substantivorum
1761 4249 2039 4314 animum
2076 4246 2478 4329 attendimus,
2524 4266 2649 4311 non
2691 4264 2899 4329 pauca

528 4351 841 4417 nomina
866 4353 938 4417 in
965 4351 1265 4437 priscis
1293 4352 1593 4417 litteris
1619 4349 1943 4415 Latinis
1969 4349 2246 4415 eodem
2279 4367 2576 4432 genere
2611 4346 2896 4413 videmus

529 4471 672 4519 esse
706 4452 1010 4536 adhibita,
1058 4452 1294 4535 quod,
1328 4471 1467 4517 cum
1501 4471 1617 4535 per
1649 4450 1895 4534 aliquot
1920 4450 2182 4516 saecula
2213 4454 2326 4516 aut
2359 4449 2678 4516 oblivione
2711 4448 2897 4515 obru-
