3300 5042
16 4913 83 4993 pff

1356 369 1443 396 ·-
1525 345 1601 415 31
1689 383 1771 398 -

400 532 473 592 et
530 523 1138 610 terminationis
1201 525 1846 611 discrepantiam
1909 527 2096 593 tolli
2160 527 2384 594 solere.
2471 527 2739 594 Omnino

388 627 526 710 jam
568 626 634 692 in
677 626 894 711 prisca
936 625 1275 692 Latinitate
1329 623 1463 692 fieri
1514 647 1642 693 non
1696 629 1927 714 potuit,
1994 627 2142 710 quin
2205 648 2404 712 genus
2467 628 2740 694 maxime
2827 699 2830 703 f
2915 693 2925 704 ,

393 728 457 793 in
517 747 733 794 earum
776 726 1315 811 terminationum‚
1389 727 1613 810 quibu·
1669 727 1902 794 diversi
1964 728 2216 812 generis
2280 729 2593 794 voeabula
2645 727 2738 793 in-

394 828 610 912 signia
652 834 851 911 erant,
894 828 1303 896 substantivis
1346 847 1473 893 non
1515 828 1892 908 variaretur,
1953 829 2032 896 cf.
2089 829 2168 895 de
2223 829 2632 895 substantivis
2671 829 2737 893 in

397 928 498 1012 ,is‘
537 928 700 994 Neu.
757 949 818 1014 p.
862 929 983 996 671
1028 948 1121 1013 sq.
1158 949 1165 956 ·
1207 929 1442 995 Contra
1500 929 1875 1013 ubicumque
1927 932 2122 997 multo
2183 931 2385 1016 maJ’or
2443 947 2738 995 numerus

402 1031 847 1095 vocabulorum
888 1029 953 1094 in
998 1031 1265 1096 eandem
1308 1029 1810 1096 terminationem
1835 1030 2192 1097 exeuntium
2223 1030 2330 1097 uni
2362 1036 2498 1096 erat
2519 1028 2737 1114 generi

402 1129 753 1212 attributus,
796 1134 863 1195 ut
905 1130 1027 1196 hoc
1068 1151 1205 1197 cum
1248 1130 1362 1197 illa
1404 1130 1584 1213 quasi
1628 1133 2022 1215 conjunctum
2065 1137 2232 1197 esset
2267 1137 2330 1196 et
2359 1130 2736 1216 copulatum,

393 1250 605 1316 pauca
630 1230 961 1314 vocabula,
1005 1251 1169 1314 quae
1212 1251 1443 1316 genere
1486 1230 1880 1314 differebant,
1925 1231 2004 1315 ei,
2046 1250 2168 1316 quo
2210 1231 2414 1315 major
2445 1247 2738 1296 numerus

391 1329 719 1415 praeditus
764 1337 915 1410 erat,
961 1332 1179 1415 generi
1222 1332 1700 1399 accommodata
1743 1338 1922 1398 sunt-
1992 1331 2178 1398 Velut
2219 1332 2588 1398 arborum
2629 1351 2738 1398 no-

391 1431 569 1496 mina
622 1431 689 1496 in
744 1433 865 1514 ,us‘
919 1431 1213 1499 exeuntia
1264 1439 1329 1498 in
1386 1432 1620 1516 linguis
1676 1430 2034 1498 Romanicis
2075 1433 2426 1498 masculina
2467 1437 2736 1497 exstant.

392 1530 496 1597 Ad
548 1532 717 1616 quod
775 1531 1275 1604 terminationem
1338 1552 1479 1598 cum
1533 1533 1784 1600 diverso
1839 1532 2028 1597 modo
2082 1551 2184 1597 res
2229 1531 2551 1617 cogitandi
2592 1551 2737 1598 con-

384 1635 675 1720 junctam
725 1633 869 1718 plus
924 1632 1234 1714 valuisse,
1299 1649 1488 1716 quam
1536 1653 1716 1700 usum
1759 1632 1936 1698 illum
1977 1633 2351 1717 scriptorum
2393 1631 2738 1699 vetustissi-

390 1753 667 1816 morum,
729 1752 913 1816 quem
958 1753 1019 1816 p.
1064 1734 1103 1800 5
1148 1735 1668 1816 commemoravi,
1729 1732 1876 1798 inde
1925 1731 2219 1815 efficitur,
2264 1731 2434 1817 quod
2477 1751 2737 1798 consue·

390 1835 679 1901 tudinem
741 1834 919 1900 illam
977 1853 1266 1901 sermone
1309 1835 1556 1918 vulgari
1600 1835 2023 1900 continuatam
2069 1852 2238 1917 esse,
2284 1833 2570 1916 quamvis
2612 1852 2738 1899 non

388 1935 813 2020 improbabile
880 1935 993 2016 sit,
1058 1936 1243 2001 certis
1306 1934 1613 2021 exemplis
1669 1932 2021 2001 confirmari
2078 1953 2204 1999 non
2245 1939 2474 2021 potest.
2559 1933 2740 1999 Haec

392 2036 563 2103 enim
601 2036 811 2122 prima
848 2041 996 2121 post
1029 2035 1143 2101 illa
1184 2037 1431 2120 priscae
1473 2034 1831 2100 Latinitatis
1874 2033 2028 2100 mihi
2058 2041 2211 2100 nota
2244 2041 2392 2101 sunt
2417 2034 2736 2118 exempla:

392 2139 647 2204 ulmus
698 2155 892 2201 masc.
948 2135 1127 2202 initio
1181 2136 1350 2201 tertii
1409 2156 1469 2220 p.
1496 2135 1628 2202 oh.
1673 2156 1734 2201 n.
1783 2135 2018 2202 saeculi
2073 2135 2396 2219 Gargilius
2452 2134 2533 2202 de
2586 2152 2740 2201 cura

397 2239 583 2304 boum
628 2240 739 2316 10,
800 2235 1035 2301 alnus
1090 2234 1432 2321 Compend.
1496 2234 1648 2300 Vitr.
1704 2223 1784 2301 de
1829 2236 1953 2302 div.
1999 2235 2162 2303 fabr.
2209 2235 2426 2302 archit.
2471 2235 2612 2316 297,
2655 2233 2741 2302 20

392 2339 464 2404 Β.
494 2339 783 2424 populi
822 2336 986 2402 albi
1033 2335 1256 2420 Veget.
1302 2337 1361 2416 5,
1401 2335 1504 2416 67,
1536 2337 1594 2404 5.
1631 2374 1712 2383 —
1779 2336 1997 2414 Quid?
2041 2338 2207 2420 quod
2237 2357 2452 2422 papa
2477 2342 2540 2401 et
2563 2354 2736 2420 pro-

385 2439 634 2524 pheta
675 2456 718 2503 a
756 2437 985 2524 priscis
1027 2437 1467 2520 Francogallis
1510 2456 1954 2523 nonnunquam
1997 2437 2302 2504 feminina
2341 2435 2699 2520 ponuntur?

558 2538 949 2623 Saepissime
1018 2544 1225 2604 autem
1280 2537 1421 2623 jam
1488 2538 1701 2620 prisca
1749 2543 1970 2604 aetate
2038 2539 2352 2604 vocabula
2427 2557 2507 2602 ex
2574 2537 2740 2619 aliis,

389 2642 734 2726 praecipue
780 2657 861 2704 ex
903 2638 1207 2705 Graeca
1259 2638 1480 2722 lingua
1531 2643 1786 2723 sumpta
1839 2638 1929 2722 ei,
1998 2659 2121 2723 quo
2165 2638 2476 2705 vocabula
2517 2637 2739 2704 eodem

388 2741 581 2808 modo
646 2740 943 2806 exeuntia
1009 2759 1050 2804 a
1117 2738 1361 2805 Latinis
1389 2738 1391 2740 ’
1424 2740 1918 2824 usurpabantur,
1983 2741 2203 2824 generi
2264 2737 2740 2806 accommodata

392 2849 553 2907 sunt.
638 2841 830 2907 Velut
884 2838 1291 2906 fluminum
1336 2839 1594 2906 nomina
1650 2840 1893 2925 primae
1945 2839 2414 2923 declinationis,
2476 2857 2737 2922 quorum

398 2942 589 3024 stirps
628 2941 691 3005 in
730 2945 809 3025 ,a‘
852 2939 1110 3020 desinit,
1165 2959 1205 3006 a
1245 2939 1499 3006 Latinis.
1538 2959 1734 3025 saepe
1776 2941 1840 3006 in
1883 2941 2186 3007 feminina
2227 2947 2371 3006 sunt
2411 2957 2737 3032 conversa.

402 3039 593 3105 Velut
638 3039 877 3125 Trebia,
923 3059 1047 3124 quo
1086 3040 1441 3106 masculino
1483 3040 1643 3108 Plin.
1689 3048 1752 3107 et
1792 3041 1984 3107 Silius
2028 3049 2306 3123 utuntur,
2372 3039 2737 3106 femininum

398 3137 693 3205 Manilius
733 3142 929 3226 ponit,
968 3141 1285 3207 Druentia
1326 3159 1517 3206 masc.
1562 3141 1676 3206 Sil.
1687 3190 1706 3223 ,
1749 3143 1894 3208 fem.
1937 3143 2207 3224 Auson.‚
2251 3141 2519 3207 Himera
2541 3159 2734 3206 masc.

392 3239 596 3324 Mela,
652 3240 795 3308 fem.
840 3241 983 3323 Sil„
1052 3241 1380 3307 Garumna
1421 3260 1614 3307 masc.
1659 3237 1849 3324 Tib..
1901 3241 2102 3324 Mela,
2169 3242 2313 3322 alii,
2380 3250 2450 3307 ut
2504 3241 2734 3307 Strabo

392 3339 429 3408 ὃ
472 3343 817 3426 Γαρούνας
874 3342 1058 3424 dicit,
1117 3342 1263 3408 fem.
1317 3342 1554 3408 Auson.
1612 3342 1730 3409 bis,
1816 3341 2056 3408 Eadem
2116 3341 2568 3408 recentioribus
2621 3361 2734 3426 po·

389 3442 560 3526 pulis
621 3443 985 3527 plerumque
1050 3442 1353 3509 feminina
1417 3447 1581 3507 sunt.
1684 3441 2006 3510 Nonnulla
2070 3442 2401 3508 fluminum
2463 3441 2736 3521 nomina,

391 3561 516 3608 non
557 3562 598 3608 a
644 3543 906 3610 Graecis
948 3541 1351 3628 deprompta,
1410 3535 1630 3624 modo,
1685 3549 1753 3609 ut
1795 3541 2174 3627 significatio
2217 3542 2445 3627 exigit,
2488 3561 2736 3608 mascu-

389 3643 553 3726 lina,
609 3644 836 3727 modo,
904 3651 973 3708 ut
1033 3645 1237 3710 exitus
1300 3645 1611 3729 postulat,
1671 3644 1973 3711 feminina
2029 3651 2188 3710 sunt.
2274 3644 2461 3711 Velut
2499 3642 2734 3708 Albula

387 3763 586 3810 masc.
631 3751 695 3810 et
734 3743 882 3809 fem.
929 3743 1045 3810 Ov.
1091 3751 1152 3810 et
1194 3745 1409 3826 Mart,
1456 3746 1728 3812 Mosella
1787 3764 1983 3811 masc.
2027 3751 2090 3810 et
2141 3744 2287 3811 fem.
2331 3745 2517 3826 Aue„
2585 3743 2731 3808 fem.

388 3843 656 3910 Venant.
700 3844 1023 3911 Fortunat.
1069 3843 1149 3910 cf.
1193 3845 1253 3910 N
1256 3845 1462 3911 euium
1503 3866 1567 3930 p.
1610 3845 1735 3914 640
1775 3852 1838 3911 et
1878 3845 2018 3914 641.

551 3943 801 4010 Deinde
868 3944 1090 4011 eodem
1167 3945 1388 4028 modo,
1467 3964 1591 4030 quo
1659 3943 1918 4011 flumina
1989 3945 2131 4030 illa,
2212 3944 2344 4010 alia
2419 3942 2732 4009 vocabula

386 4045 639 4111 Graeca
679 4045 744 4109 in
789 4064 874 4110 as
915 4046 1018 4111 vel
1062 4065 1143 4111 es
1186 4045 1541 4111 desinentia
1596 4064 1798 4130 genus
1861 4044 2224 4111 femininum
2276 4039 2508 4109 induta
2568 4050 2729 4126 sunt,

382 4145 559 4211 velut
594 4143 835 4210 charta
888 4128 1037 4211 inde
1100 4146 1183 4210 ab
1226 4145 1428 4212 Ennio
1494 4138 1666 4229 (ann.
1707 4146 1848 4214 229.
1900 4147 1967 4211 it.
2020 4146 2262 4228 ,carta‘.
2318 4144 2394 4211 fr.
2449 4143 2710 4226 ,charte.
2715 4145 2734 4180 ‘

384 4245 468 4312 cf
512 4244 724 4312 Weise
766 4245 935 4328 379.)
956 4294 973 4327 ‚
1028 4251 1313 4330 ‘qausape
1364 4246 1513 4313 inde
1558 4267 1598 4312 a
1637 4246 1880 4313 Lucilio
1925 4246 2138 4331 (20,1
2179 4244 2262 4310 M.
2266 4246 2326 4326 ),
2379 4247 2732 4330 maryarita

382 4344 535 4412 inde
578 4363 619 4410 a
660 4345 943 4412 Varrone
1001 4345 1250 4430 legitur.
1326 4346 1577 4413 Eadem
1643 4346 1722 4414 de
1783 4365 1978 4414 causa
2043 4348 2108 4411 in
2168 4346 2388 4430 lingua
2455 4347 2732 4413 Franco·

383 4446 699 4532 gallorum
774 4447 999 4512 comete
1014 4495 1032 4530 ‚
1096 4449 1380 4532 planete,
1440 4451 1661 4534 pyrite
1735 4449 2037 4516 feminina
2098 4453 2271 4529 sunt,
2349 4465 2728 4531 quamquam

2210 4548 2312 4617 3*
