3300 5042
1406 405 1818 472 -17-

431 586 698 650 eundem
739 582 992 667 legitur.
1079 583 1289 649 Valer.
1335 584 1547 651 Flacc.
1590 586 1651 666 2,
1693 582 1834 655 593.
1880 586 2023 655 607.
2068 587 2126 669 3,
2173 587 2313 664 304,
2365 587 2648 670 saepiae,
2690 587 2796 670 qui

430 686 509 751 de
557 684 868 769 singulari
911 685 1114 749 solum
1158 684 1520 767 genetivum
1565 686 1791 770 ,regni‘
1842 693 1937 752 ter
1981 688 2208 771 posuit.
2270 688 2504 753 Lucan.
2548 688 2609 768 2,
2652 689 2797 755 424.

429 788 577 868 563,
623 786 898 871 saepius,
940 785 1045 868 qui
1090 792 1300 851 tamen
1345 787 1647 871 singulari
1694 807 1889 872 saepe
1932 787 2144 853 utitur.
2199 793 2330 869 ,tua
2370 791 2592 871 regna‘
2636 788 2795 853 Dra-

437 888 688 954 contius
732 889 790 967 8,
843 886 982 953 268.
1041 887 1192 975 633,
1264 888 1671 969 ,Francorum
1728 890 1950 973 regna‘
2015 887 2367 953 Frodoardi
2432 908 2653 955 versus
2716 888 2795 955 de

351 1046 360 1054 .
440 988 766 1053 Hadriano
806 986 1005 1069 primo
1050 1008 1239 1071 papa.

614 1088 854 1153 Deinde
887 1088 1123 1152 Ennius
1168 1088 1598 1174 aequal-21²²)
1644 1088 1727 1153 ad
1772 1110 1945 1155 mare
1986 1089 2469 1173 significandum
2502 1089 2565 1153 in
2601 1108 2795 1155 anna-

441 1190 586 1254 lium
636 1202 820 1253 versu
854 1188 978 1255 476
1021 1188 1311 1272 (Labitur
1353 1196 1542 1254 uncta
1585 1191 1803 1255 carina
1845 1209 1961 1273 per
2002 1210 2283 1273 aequora
2326 1209 2487 1254 cana
2530 1190 2795 1273 celocis)

433 1290 662 1375 posuit,
709 1295 777 1353 ut
819 1291 1142 1371 ,aequora‘
1187 1297 1250 1355 et
1293 1294 1572 1372 ,aequor‘
1617 1290 1841 1355 eadem
1870 1291 2183 1357 sententia
2211 1291 2381 1375 apud
2410 1290 2797 1375 posteriores

430 1399 678 1477 poetae,
726 1391 896 1455 velut
931 1388 1279 1473 Vergilium
1325 1390 1433 1475 (cf.
1481 1391 1751 1474 exempli
1787 1410 1983 1458 causa
2026 1396 2304 1475 ,aequor‘
2348 1392 2506 1457 Aen.
2554 1395 2610 1473 1,
2656 1391 2797 1468 142,

436 1494 760 1575 ,aequora‘
804 1491 943 1557 154.
994 1491 1172 1572 164),
1232 1491 1588 1567 Lucanum,
1633 1491 1953 1556 Valerium
1999 1492 2319 1573 Flaccum,
2361 1492 2534 1558 nullo
2578 1491 2796 1557 discri-

441 1594 604 1657 mine
631 1591 1079 1673 intercedente,
1126 1590 1436 1675 leguntur.
1526 1591 1697 1656 Sane
1743 1591 2005 1657 ablativi
2052 1590 2394 1676 singularis
2440 1600 2501 1659 et
2534 1592 2798 1677 pluralis

439 1693 612 1761 nullo
657 1691 1018 1757 discrimine
1064 1698 1394 1774 ponuntur,
1452 1692 1577 1771 ille,
1635 1692 1741 1775 qui
1787 1714 1924 1759 cum
1964 1699 2161 1758 metro
2207 1694 2441 1776 optime
2486 1693 2797 1775 convenit,

435 1791 833 1878 saepissime,
880 1792 984 1856 hic
1025 1812 1064 1855 a
1112 1792 1336 1857 ceteris
1380 1793 1586 1875 poetis
1629 1813 1797 1876 raro,
1842 1794 2163 1859 aValerio
2198 1795 2429 1859 Flacco
2458 1812 2798 1876 nunquam.

435 1897 648 1979 Saepe
706 1893 851 1957 inde
909 1912 950 1955 a
1001 1892 1294 1957 Lucretio
1353 1895 1662 1976 ,aequorei
1704 1900 1902 1977 ponti‘
1964 1893 2079 1979 (cf.
2124 1898 2410 1962 κέλευθα
2452 1895 2799 1981 θαλάσσης

437 1996 608 2079 apud
651 1994 1024 2076 Homerum)
1069 1993 1256 2057 simul
1299 1993 1719 2077 proferuntur.

602 2096 800 2160 Porro
869 2094 930 2157 in
996 2094 1322 2179 epitaphio
1390 2094 1784 2159 nobilissimo
1838 2094 2077 2159 Ennius
2121 2102 2359 2161 monet:
2426 2095 2651 2177 ‚Nemo
2696 2115 2797 2161 me

443 2196 737 2261 lacrumis
805 2196 1058 2260 decoret
1121 2214 1239 2259 nec
1281 2194 1592 2277 saner-a*
1656 2193 1804 2259 fletu
1872 2195 2073 2277 faxit‘,
2150 2195 2371 2261 eodem
2429 2196 2617 2262 modo
2673 2216 2797 2280 quo

441 2297 777 2381 Vergilius,
823 2295 928 2379 qui
970 2298 1202 2377 ,funus‘
1245 2301 1486 2378 quater,
1528 2295 1814 2377 ,funeris‘
1856 2302 1971 2377 ter,
2013 2295 2278 2379 ,funere‘
2320 2296 2637 2377 undecies,
2680 2296 2797 2378 ,fu-
2902 2360 2906 2365 .

437 2400 614 2463 nera‘
656 2398 850 2462 vicies
895 2402 1188 2480 usurpat,
1225 2396 1334 2474 ‚de
1378 2416 1500 2462 uno
1548 2395 1799 2461 homine
1841 2396 2111 2478 ,funera‘
2156 2395 2309 2475 dicit
2352 2399 2505 2475 Aen.
2552 2398 2611 2474 4,
2656 2396 2797 2477 500,

433 2497 659 2565 eadem
703 2500 1035 2576 sententia,
1102 2518 1227 2581 qua
1291 2497 1570 2562 ablativo
1627 2497 1894 2579 ,funere‘
1948 2517 2007 2560 v.
2052 2497 2176 2564 308
2218 2497 2437 2575 utitur,
2504 2496 2795 2563 Valerius

429 2600 732 2676 Flaccus,
777 2599 880 2681 qui
929 2598 1226 2664 undecies
1268 2598 1536 2679 ,funera‘
1579 2600 1909 2682 pluralem,
1954 2616 2033 2661 ex
2078 2597 2383 2681 singulari
2430 2598 2793 2682 genetivum

428 2702 638 2766 solum
704 2707 766 2764 et
820 2699 1163 2764 ablativum
1217 2700 1508 2783 praebet,
1578 2705 1644 2763 ut
1698 2718 1884 2764 unum
1942 2698 2149 2763 locum
2215 2699 2447 2763 diserte
2512 2699 2794 2781 afferam,

427 2801 678 2883 ‚funera
719 2804 882 2865 mea‘
925 2801 984 2879 3,
1027 2800 1168 2867 298.
2096 2808 2102 2815 ’

599 2900 842 2967 Deinde
890 2901 981 2989 ,de
1033 2920 1158 2965 uno
1215 2899 1558 2981 vocabulo,
1623 2898 1790 2981 quod
1834 2897 1895 2962 in
1941 2898 2175 2981 linguis
2218 2898 2579 2964 Romanicis
2614 2898 2792 2964 femi-

395 3002 645 3067 ninum
714 3022 913 3084 genus
982 3001 1266 3077 exhibet,
1336 2999 1538 3066 fusius
1595 3020 1805 3083 agam.
1892 2999 2044 3063 Eius
2108 2998 2402 3064 vocabuli
2465 2999 2633 3083 quod
2699 3006 2795 3065 est

433 3104 778 3185 ,gaudium‘
820 3103 994 3168 solus
1037 3100 1459 3166 nominativus
1506 3107 1567 3165 et
1605 3099 2002 3165 accusativus
2048 3099 2311 3182 pluralis
2352 3099 2687 3183 ,gau-‘lia‘
2732 3106 2795 3165 et

433 3204 536 3269 hic
579 3203 950 3286 saepissime
997 3223 1035 3265 a
1076 3200 1388 3280 Lucreti0,
1435 3200 1717 3283 Vergilio
1764 3202 2038 3283 (septem
2080 3200 2210 3264 fere
2255 3200 2461 3281 locis),
2509 3199 2793 3278 Horatio,

432 3304 762 3388 Propertio
817 3305 929 3384 (10
971 3302 1016 3367 f.
1060 3304 1154 3383 l.)‚
1207 3300 1488 3377 Tibullo,
1559 3300 1817 3376 Ovidi0,
1864 3298 2118 3366 Valerio
2165 3301 2398 3365 Flacco
2456 3299 2531 3382 (9
2573 3300 2792 3383 locis),

324 3386 330 3389 ’
432 3404 726 3469 Juvenau
777 3405 852 3485 (7
897 3404 940 3466 f.
985 3404 1025 3467 1.
1039 3417 1096 3481 2,
1165 3402 1446 3466 Ausonio
1497 3408 1691 3485 poeta
1740 3400 1856 3484 (13
1900 3400 1944 3463 f.
1990 3401 2101 3483 1.),
2169 3399 2521 3465 Claudiano
2570 3400 2683 3481 (13
2726 3402 2793 3481 1.,

436 3504 660 3587 ubique
707 3504 923 3587 quinto
968 3522 1188 3568 versus
1237 3501 1478 3567 heroici
1518 3502 1694 3581 loco)
1758 3506 2110 3585 usurpatur.
2203 3499 2390 3585 Apud
2436 3520 2626 3565 unum
2671 3500 2790 3565 Ga-

438 3605 673 3684 tullum,
721 3606 825 3687 qui
882 3606 1078 3669 multo
1123 3605 1381 3686 saepius
1425 3620 1612 3684 quam
1658 3600 2027 3685 posterioris
2073 3582 2484 3687 aevi‘poetae
2529 3601 2791 3667 elisione

431 3724 580 3769 usus
625 3712 741 3787 est,
785 3706 885 3784 91,
930 3706 969 3773 9
1011 3704 1378 3789 ,gaudium‘,
1435 3701 1876 3767 terminatione
1920 3709 2065 3766 ante
2109 3701 2644 3786 praepositionem
2687 3690 2793 3781 ,in‘

425 3806 609 3886 elisa,
657 3806 902 3889 legitur.
987 3807 1080 3870 Ac
1123 3802 1496 3888 saepissime
1542 3802 1827 3885 ,gaudia‘
1870 3802 1933 3866 in
1979 3802 2195 3884 quinto
2241 3802 2589 3867 hexametri
2634 3801 2791 3867 etin

575 4066 638 4135 1)
681 4064 802 4119 Hoc
838 4061 1118 4118 vocabulo
1155 4066 1363 4130 poetae
1400 4060 1506 4115 soli
1554 4060 1741 4129 prisca
1794 4064 1853 4114 et
1888 4074 2061 4114 aurea
2097 4064 2286 4113 aetate
2324 4074 2475 4113 mare
2513 4054 2792 4127 significa-

427 4154 586 4208 bant.
661 4155 800 4209 Nam
839 4153 1133 4208 frustulum
1169 4150 1336 4207 illud:
1389 4164 1659 4217 ,aequore
1700 4156 1757 4204 et
1792 4152 1979 4215 terra‘‚
2018 4148 2169 4217 quod
2212 4146 2361 4218 apud
2398 4148 2677 4203 Donatum
2716 4146 2791 4201 ad

426 4244 558 4298 Ter.
598 4242 815 4298 Phorm.
855 4246 906 4309 2,
946 4245 996 4309 1,
1036 4244 1102 4299 13
1141 4240 1267 4295 loco
1309 4238 1582 4294 exhausto
1608 4254 1638 4293 6
1663 4238 1908 4294 Sallustii
1932 4236 2179 4292 historiis
2211 4238 2293 4306 (1,
2332 4238 2419 4303 41,
2458 4238 2510 4303 4,
2548 4234 2619 4292 cf.
2646 4250 2791 4304 quae

430 4331 732 4387 adnotavit
767 4330 1086 4387 Dietzchius
1137 4329 1210 4384 ad
1250 4329 1394 4384 hunc
1431 4329 1644 4398 locum)
1698 4326 1995 4394 adhaeret,
2046 4326 2138 4379 vix
2186 4342 2257 4381 ac
2301 4342 2372 4380 ne
2425 4326 2519 4380 vix
2568 4325 2793 4395 quidem

432 4420 832 4477 Sallustianum
869 4421 1090 4477 videtur
1127 4435 1278 4484 esse,
1337 4418 1439 4475 sed
1489 4433 1560 4472 ex
1609 4417 1799 4487 aliquo
1853 4416 2108 4487 argentei
2157 4416 2285 4470 aevi
2336 4415 2639 4484 scriptore,
2696 4416 2792 4483 qui

433 4510 738 4592 Vergilium
781 4508 884 4578 (cf.
923 4527 1012 4592 ge.
1053 4512 1103 4575 3,
1143 4511 1266 4578 201.
1309 4508 1382 4575 Α,
1419 4510 1471 4587 4,
1511 4508 1634 4574 240.
1674 4510 1725 4575 6,
1765 4508 1903 4573 692)
1942 4504 2278 4576 imitabatur,
2316 4503 2721 4585 depromptum.
