3300 5042
1613 354 2020 422 ...14-

642 529 813 595 ciroa
858 548 1087 597 annum
1131 534 1258 603 840
1301 534 1581 619 scripsit,
1641 555 1785 621 cap.
1831 536 1955 604 100
2008 536 2108 618 ,de
2164 536 2497 622 impiorum
2556 557 2768 625 poena
2824 540 3009 605 solli-

639 630 820 712 citus,
862 631 941 699 de
979 634 1261 717 paradisi
1304 632 1583 720 gaudia‘.
1671 635 1853 702 Adde
1897 639 2171 723 exempli
2216 659 2437 705 causa:
2481 640 2717 724 ,capita
2758 640 3009 707 inculta

637 731 1054 817 squalidaque
1126 736 1328 801 barba
1390 735 1792 802 incedebant‘
1857 737 2095 804 Charta
2148 739 2477 806 Secusian.
2545 740 2713 806 Mon.
2776 740 2854 807 Η.
2926 742 3004 807 Ρ.

637 832 750 897 Ob.
794 832 843 910 1,
885 834 1028 918 362,
1063 836 1178 919 413
1221 841 1414 917 ‚terra
1455 835 1793 919 pacificata
1838 844 1900 904 et
1941 846 2342 905 sacramenta
2387 840 2559 907 data‘
2604 839 2795 908 Andr.
2842 842 3003 908 Ber-

634 954 802 1017 gam.
831 934 898 1016 53
945 936 1044 1011 ,de
1089 937 1222 1001 vita
1264 942 1326 1003 et
1369 938 1646 1004 claustra
1688 940 2161 1005 monachorum‘
2203 939 2285 1004 M.
2331 941 2407 1005 H.
2454 942 2523 1005 P.
2568 940 2683 1007 Ch.
2723 941 2776 1023 I,
2822 942 2908 1009 90
2938 964 2997 1008 a.

633 1034 784 1117 8983
845 1044 1164 1123 ,excerpto
1211 1038 1437 1121 herba,
1497 1058 1667 1121 aqua
1712 1047 1775 1104 et
1817 1040 2018 1123 ligna‘
2077 1041 2331 1126 Pippini
2372 1042 2445 1106 R.
2492 1041 2698 1125 Capit.
2746 1063 2803 1109 a.
2848 1044 2995 1111 768.

633 1136 799 1203 Mon.
843 1136 1052 1207 Germ.
1098 1138 1252 1223 Leg.
1297 1139 1377 1222 11,
1424 1141 1522 1222 14,
1565 1142 1625 1208 7.
1713 1139 1957 1218 Quibus
2010 1142 2300 1206 omnibus
2356 1142 2515 1208 locis
2572 1142 2831 1209 dubium
2876 1154 2989 1227 est,

631 1243 835 1303 utrum
879 1258 1065 1305 casus
1110 1240 1356 1306 confusi
1413 1240 1569 1321 sint,
1639 1260 1722 1305 an
1777 1240 2095 1307 vocabula
2138 1242 2251 1309 illa
2294 1262 2434 1308 cum
2479 1243 2801 1311 femininis
2840 1263 2977 1310 con·

623 1339 863 1421 juncta,
920 1340 1293 1424 praesertim
1349 1340 1403 1405 si
1463 1348 1693 1425 postea
1748 1340 1831 1405 ad
1875 1360 2077 1425 genus
2121 1344 2493 1411 femininum
2534 1344 2787 1409 detorta
2822 1351 2973 1426 sunt,

629 1436 962 1515 muliebria
1004 1440 1129 1506 sint
1171 1440 1478 1507 ducenda.
1564 1442 1643 1507 Et
1685 1442 1840 1507 mihi
1885 1441 2171 1524 quidem,
2226 1444 2333 1527 qui
2376 1444 2467 1509 ita
2506 1442 2834 1525 dicebant,
2882 1466 2978 1529 ge·

628 1541 798 1607 neris
853 1536 1271 1609 differentiam
1325 1541 1466 1625 jam
1531 1562 1657 1607 non
1720 1542 2028 1607 videntum
2066 1544 2369 1609 sensisse.
2467 1544 2709 1611 Eodem
2780 1554 2989 1613 autem

629 1641 838 1707 studio
879 1643 1384 1720 homoeoteleuti,
1429 1643 1596 1726 quod
1640 1643 1705 1706 in
1751 1644 2185 1725 substantivis,
2239 1646 2341 1711 vel
2384 1645 2549 1711 nude
2592 1646 2995 1731 positis,·vel

628 1762 768 1807 cum
813 1743 1146 1827 adjectivis
1189 1743 1573 1828 conjunctis,
1631 1763 1712 1809 ne
1758 1742 2034 1827 optimae
2080 1743 2331 1826 quidem
2378 1746 2608 1811 aetatis
2650 1754 2879 1831 poetae
2926 1756 2996 1813 et

627 1850 912 1911 oratores
956 1844 1178 1929 fugere
1217 1852 1327 1910 aut
1369 1844 1709 1911 studebant
1739 1851 1849 1910 aut
1879 1846 2189 1929 poterant,
2240 1846 2629 1912 consuetudo
2658 1847 2767 1912 illa
2791 1847 2990 1913 latius

624 1945 855 2029 patuit,
923 1964 1047 2028 quo
1102 1945 1431 2011 Romaniei
1488 1964 1711 2012 versus
1772 1945 1838 2011 in
1900 1945 2090 2010 simili
2144 1965 2303 2011 sono
2350 1948 2637 2031 syllabas
2681 1957 2990 2016 exeuntes

625 2045 1108 2132 componebant.

790 2146 1103 2223 Quoniam
1137 2164 1300 2228 quae
1339 2145 1528 2211 fuerit
1557 2144 2065 2211 terminationum
2092 2148 2570 2213 obscuratarum
2598 2168 2984 2232 casuumque

623 2248 958 2315 mixtorum
1003 2246 1131 2328 vis,
1199 2246 1356 2312 satis
1421 2244 1604 2311 nobis
1664 2246 1951 2312 videmur
2012 2246 2386 2331 illustrasse,
2455 2268 2621 2315 nunc
2685 2250 2981 2315 numeri

622 2349 974 2434 pluralis
1022 2366 1185 2413 cum
1245 2346 1651 2430 singulari
1708 2348 2269 2413 confusionem
2315 2368 2739 2434 exponemus,
2802 2340 2969 2433 quae,

623 2470 770 2515 cum
819 2448 1192 2533 saepissime
1255 2447 1463 2531 fieret,
1487 2486 1499 2502 -
1523 2448 1809 2513 nonnihil
1871 2449 2131 2515 contulit
2176 2448 2259 2514 ad
2302 2456 2528 2516 neutra
2568 2448 2635 2514 in
2678 2449 2975 2515 feminina

622 2550 867 2635 primae
925 2548 1367 2615 declinationis
1425 2547 1884 2630 convertenda,
1950 2551 2323 2633 praesertim
2381 2570 2521 2618 cum
2578 2556 2982 2633 utrorumque

621 2650 992 2717 nominativi
1038 2650 1100 2715 in
1145 2653 1230 2732 ,a‘
1273 2650 1654 2726 desinerent,
1700 2651 2079 2733 accusativi,
2138 2651 2352 2718 littera
2404 2656 2511 2735 ,m‘
2568 2652 2634 2716 in
2677 2651 2800 2717 fine
2846 2670 2983 2717 sae—

621 2752 882 2837 pissime
927 2752 1197 2832 abjecta,
1243 2750 1399 2815 nibil
1441 2750 1575 2816 fere
1617 2750 1779 2815 inter
1826 2770 1894 2815 se
1940 2750 2302 2835 differrent,
2345 2773 2463 2838 pro
2508 2753 2789 2819 ablativo
2832 2768 2983 2818 neu·

621 2860 857 2921 trorum
917 2852 1276 2936 frequenter
1330 2850 1731 2917 accusativus
1796 2862 1935 2917 cum
1991 2853 2430 2919 femininorum
2488 2854 2772 2919 ablativo
2834 2870 2981 2919 con-

623 2955 882 3023 veniens
925 2960 1281 3037 poneretur.
1369 2952 1592 3034 Itaque
1635 2952 1941 3017 nonnulla
1991 2962 2243 3037 neutra,
2312 2973 2475 3038 quae
2525 2954 2801 3039 pluralia
2843 2961 2980 3017 tan-

621 3063 752 3121 tum
797 3054 1302 3137 enuntiabantur,
1348 3054 1570 3137 primis
1612 3059 1761 3138 post
1796 3052 1943 3118 Chr.
1974 3074 2034 3119 n.
2083 3056 2356 3121 saeculis
2399 3055 2464 3121 in
2509 3054 2812 3121 feminina
2836 3061 2984 3119 sunt

624 3162 950 3223 conversa.
1046 3154 1234 3221 Velut
1295 3157 1550 3237 ,castra‘
1609 3156 1674 3218 in
1736 3155 1928 3237 itala,
1993 3158 2247 3241 ,spolia‘
2310 3156 2481 3241 apud
2540 3154 2978 3239 Augustinum,

620 3260 844 3340 ,arma‘
884 3256 951 3321 in
994 3255 1289 3321 Rotharis
1331 3258 1474 3339 lege
1519 3254 2009 3339 Longobardica
2050 3256 2355 3323 feminina
2400 3257 2706 3341 leguntur.

787 3358 1231 3435 Quaerendum
1291 3363 1388 3421 est
1441 3356 1669 3440 igitur,
1736 3358 1989 3439 quando
2044 3359 2311 3442 primum
2358 3359 2421 3422 in
2466 3357 2688 3423 litteris
2730 3354 2979 3420 Latinis

620 3460 885 3545 pluralis
927 3464 1288 3525 neutrorum
1332 3463 1586 3541 praeter
1630 3458 2073 3524 necessitatem
2118 3458 2475 3540 frequenter
2506 3460 2590 3524 sit
2622 3462 2979 3541 usurpatus.

621 3561 766 3639 Qua
808 3559 886 3625 de
931 3580 1000 3625 re
1045 3559 1099 3624 si
1145 3558 1335 3640 paulo
1381 3557 1701 3642 copiosius
1745 3558 1987 3639 dicam,
2042 3559 2195 3624 viris
2240 3558 2442 3623 doctis
2489 3578 2615 3623 non
2658 3560 2977 3642 ingratum

620 3683 720 3729 me
767 3663 1077 3727 facturum
1123 3678 1264 3725 esse
1309 3658 1576 3736 confide,
1623 3660 1774 3740 quia
1816 3678 1895 3725 ea
1938 3680 2101 3743 quae
2132 3661 2639 3727 commemorabo
2665 3659 2747 3723 ad
2774 3659 2971 3742 ipsam

622 3763 906 3829 carmina
948 3759 1394 3845 compingendi
1439 3758 1609 3843 apud
1654 3766 1878 3843 poetas
1921 3760 2183 3826 Latinos
2225 3760 2533 3825 rationem
2582 3760 2754 3825 haud
2797 3756 2973 3843 parvi

621 3870 765 3929 sunt
806 3861 1125 3927 momenti.
1210 3865 1304 3926 Ac
1369 3860 1883 3927 consuetudinem
1946 3863 2119 3929 illam
2178 3883 2219 3927 a
2270 3862 2535 3946 poetis
2592 3865 2665 3923 et
2710 3858 2978 3944 epicis

621 3971 700 4031 et
743 3964 1176 4047 elegiacis,
1243 3962 1403 4027 inter
1457 3981 1615 4044 quos
1662 3983 1801 4028 cum
1843 3962 2048 4047 major
2102 3980 2397 4030 numerus
2436 3966 2766 4046 poetarum
2807 3958 2978 4023 Lati-

619 4084 860 4145 norum,
904 4071 1034 4131 tum
1080 4064 1156 4142 ii,
1218 4064 1325 4145 qui
1368 4070 1435 4127 ut
1476 4064 1736 4146 ingenio
1780 4070 1966 4148 atque
1990 4064 2415 4147 auctoritate,
2480 4062 2571 4127 ita
2616 4068 2979 4146 poematum

619 4164 1014 4231 multitudine
1058 4163 1370 4247 eminent,
1415 4163 1734 4229 referendi
1778 4170 1954 4247 sunt,
1999 4172 2201 4230 ortam
2246 4184 2409 4247 esse,
2455 4165 2510 4230 si
2555 4161 2747 4247 paulo
2792 4178 2977 4225 accu-

591 4266 817 4333 ratius
861 4265 1370 4353 inquisiverimus
1413 4264 1478 4329 in
1520 4264 1701 4348 illos,
1770 4265 2249 4350 perspiciemus.
2335 4267 2429 4332 Ae
2470 4272 2672 4332 metro
2720 4267 2977 4328 coactos

620 4386 762 4434 esse
806 4372 1049 4452 poetaS,
1095 4373 1163 4430 ut
1205 4385 1283 4431 ea
1323 4366 1580 4432 licentia
1622 4372 1961 4446 uterentur,
2006 4372 2293 4453 apparet.

785 4466 913 4533 Sed
954 4466 1325 4553 priusquam
1371 4465 1454 4532 ad
1495 4486 1628 4532 rem
1674 4468 1879 4551 ipsam
1924 4468 2327 4553 perveniam,
2386 4466 2461 4551 ii,
2510 4465 2615 4550 qui
2660 4472 2851 4531 antea
2894 4463 2975 4529 de
