3300 5042
1333 1332 2110 1429 C'orrigonda.

540 1562 675 1618 pag.
721 1549 744 1601 1
788 1561 937 1602 vers.
969 1548 1000 1602 1
1040 1559 1143 1614 pro
1178 1540 1315 1598 XIII
1351 1543 1385 1598 1.
1423 1534 1575 1599 VIII.
2079 1592 2084 1595 .

580 1682 605 1707 „
717 1642 752 1697 2
830 1682 855 1707 „
932 1641 1005 1697 24
1039 1652 1141 1707 pro
1182 1636 1525 1693 Darmsteter
1560 1635 1598 1695 1.
1635 1634 2029 1691 Darmesteter.

830 1775 855 1800 „
934 1726 996 1789 11
1037 1730 1241 1787 foenus
1276 1730 1591 1786 delendum.

832 1870 856 1895 „
936 1829 1001 1885 13
1039 1841 1142 1895 pro
1180 1824 1413 1879 Plautus
1450 1825 1486 1879 l.
1525 1822 1785 1879 Licinius.

828 1962 853 1988 „
930 1921 999 1979 33
1035 1934 1138 1989 pro
1177 1915 1280 1977 311
1322 1920 1357 1975 1.
1390 1918 1515 1975 361.

829 2056 854 2081 „
964 2015 1000 2069 2
1036 2028 1140 2081 pro
1176 2014 1284 2071 280
1322 2013 1357 2067 1.
1395 2013 1519 2070 208.

582 2148 607 2176 „
718 2109 751 2164 9
830 2149 853 2175 ,,
932 2110 996 2165 11
1037 2123 1141 2177 pro
1178 2106 1388 2175 Papius
1420 2107 1456 2163 l.
1495 2106 1719 2175 Papias.

587 2243 613 2269 „
692 2204 761 2260 10
837 2243 863 2269 ,,
938 2204 1010 2260 22
1046 2217 1149 2270 pro
1188 2200 1416 2271 abjecta
1452 2200 1488 2255 1.
1527 2200 1804 2270 abjectae.

583 2337 608 2363 „
688 2298 754 2351 11
832 2336 857 2363 „
936 2298 1007 2354 14
1042 2312 1145 2365 pro
1182 2296 1545 2366 agrimoniam
1582 2295 1618 2349 l.
1657 2291 2076 2364 aegrimoniam.

583 2431 609 2457 „
684 2394 749 2447 11
830 2432 855 2457 „
934 2392 1003 2448 18
1038 2404 1143 2457 pro
1181 2389 1333 2443 nulla
1368 2389 1404 2445 l.
1440 2388 1722 2443 nonnulla.

526 2472 541 2493 ⁶
580 2524 607 2552 „
684 2485 753 2539 12
830 2525 855 2550 ,,
932 2486 1001 2543 15
1037 2498 1142 2551 pro
1181 2484 1284 2540 149
1320 2481 1355 2537 1.
1398 2483 1513 2539 159.

580 2618 607 2644 ,,
684 2579 752 2647 12
828 2618 854 2644 ,,
930 2579 999 2635 21
1038 2592 1142 2645 pro
1176 2574 1403 2632 Henzen
1443 2576 1584 2633 5842
1623 2574 1653 2628 lv
1700 2573 1868 2630 Orelli
1905 2577 2065 2633 6842.

581 2712 606 2738 ,,
683 2671 751 2727 12
830 2712 854 2737 ,,
930 2672 997 2726 21
1038 2675 1096 2725 ot
1130 2672 1201 2729 22
1238 2685 1341 2738 pro
1362 2669 1519 2737 Virg.
1552 2683 1780 2739 gramm.
1815 2668 1948 2737 epit.
1969 2672 2004 2727 8
2040 2686 2097 2739 p.
2121 2669 2224 2728 137
2261 2670 2296 2726 l.
2319 2671 2460 2745 Vissr.
2482 2672 2651 2727 Gloss
2697 2670 2793 2725 lat.
2820 2686 2904 2740 gr.

581 2805 607 2831 „
685 2766 753 2820 12
830 2806 855 2831 ,,
931 2763 1003 2821 32
1039 2779 1142 2833 pro
1176 2762 1375 2819 Thom.
1415 2763 1448 2817 1.
1486 2763 1613 2818 Mai.
2682 2789 2688 2795 -

584 2898 609 2924 „
686 2860 755 2916 17
791 2859 928 2913 nota
963 2873 1105 2913 vere.
1144 2859 1179 2915 4
1215 2873 1320 2927 pro
1357 2855 1682 2912 Dietzohius
1719 2856 1753 2914 l.
1794 2854 2126 2913 Dietsohius.

584 2991 609 3033 .”
687 2951 756 3005 18
793 2966 937 3007 vers.
979 2953 1045 3009 11
1085 2966 1189 3019 pro
1228 2951 1487 3007 Burmani
1525 2951 1560 3006 1.
1602 2950 1920 3007 Burmanni.
1973 3026 1978 3031 ἰ

717 1738 753 2072 -Qwuvw
