3300 5042
1350 337 1760 404 „25ss

538 515 695 580 Ora
761 514 871 579 801.
942 514 1218 598 Sychaei
1286 517 1475 601 Verg.
1542 520 1616 582 A.
1665 521 1721 600 1,
1781 517 1920 583 354.
1977 498 2152 582 'adde
2199 518 2256 597 1,
2302 517 2447 585 658.
2489 517 2549 598 2,
2591 517 2732 584 247.

360 615 490 683 663
535 623 687 700 etc.;
756 615 954 700 ,pueri
1017 617 1208 682 rubor
1263 638 1377 683 ora
1430 619 1692 683 notavit‘
1741 617 1856 684 Ov.
1902 626 2047 686 met.
2093 619 2154 699 4,
2197 618 2353 697 3293
2423 625 2556 698 ,tua-
2598 621 2732 682 ora‘

359 715 539 781 Laus
580 716 833 781 Pisonis
877 717 975 784 55.
1041 737 1236 803 saepe
1280 718 1514 784 Lucan.
1562 727 1625 782 et
1668 719 1807 784 Val.
1854 719 1950 783 Fl.
2009 737 2218 794 ,carae
2263 717 2554 801 conjugis
2597 722 2731 783 ora‘

359 817 480 881 Sil.
524 817 605 880 It.
648 817 709 898 9,
760 816 897 883 131.
965 817 1259 901 Calpurn.
1307 821 1420 884 ecl.
1462 818 1518 900 6,
1560 819 1662 885 36.
1727 819 1958 884 Baehr.
2002 818 2072 883 P.
2113 817 2183 881 1..
2231 817 2311 882 Μ.
2339 818 2424 882 IV
2450 820 2730 903 saepius.

360 918 668 982 Dracont.
716 917 818 982 ed.
865 917 943 987 de
991 917 1174 982 Duhn
1220 919 1279 1001 5,
1325 919 1466 987 260.
1517 919 1577 999 6,
1620 919 1704 987 95
1749 927 1866 986 etc.
1933 920 2031 984 Ps.
2080 918 2370 1001 Fulgent.
2415 937 2602 984 serm.
2647 919 2732 1042 20

258 1016 265 1022 ’
362 1019 485 1084 001.
531 1017 655 1085 886
690 1037 748 1082 3.

533 1117 819 1201 Denique
883 1127 1274 1199 neutr,orum
1348 1138 1511 1201 quae
1582 1126 1693 1183 aut
1757 1125 1903 1184 ante
1959 1120 2322 1186 trochaeum
2378 1139 2570 1184 unam
2629 1120 2729 1186 vel

361 1218 527 1283 duas
573 1220 859 1303 syllabas
903 1221 1156 1302 babent,
1201 1229 1310 1286 aut
1356 1219 1509 1284 solis
1542 1220 1810 1302 syllabis
1841 1221 2136 1286 brevibus
2171 1227 2477 1300 constant,
2522 1239 2730 1304 pauca

356 1319 519 1384 mihi
586 1329 730 1384 sunt
794 1321 1363 1385 commemoranda.
1467 1320 1794 1402 ,Credisne
1853 1328 2097 1404 patrem
2161 1321 2567 1405 promisse}
2619 1319 2728 1384 da-

356 1422 591 1485 turum‘
635 1421 745 1486 801.
792 1420 993 1486 vellus
1037 1420 1257 1485 arietis
1302 1420 1580 1486 Colchici
1628 1421 1768 1485 Val.
1815 1421 1909 1488 Fl.
1947 1421 2005 1504 6,
2055 1422 2196 1489 675.
2258 1421 2593 1506 ,promissa
2634 1440 2728 1486 re-

357 1523 653 1606 poscere‘
709 1521 789 1590 de
846 1519 1068 1586 eodem
1112 1523 1173 1601 7,
1218 1519 1357 1588 650.
1426 1519 1529 1603 (fr.
1580 1521 1664 1598 ,13
1705 1525 2080 1604 promesse‘)
2149 1559 2230 1570 —
2297 1523 2554 1606 ,sagitta
2617 1523 2750 1606 per'

359 1630 557 1706 caput
614 1613 857 1686 Remuli
912 1623 1083 1686 venit
1138 1669 1155 1688 .
1204 1669 1219 1685 .
1266 1667 1282 1683 .
1330 1666 1345 1683 .
1402 1621 1453 1703 i,
1521 1621 1731 1686 verbis
1796 1623 2086 1686 virtutem
2155 1622 2352 1688 illude
2417 1622 2729 1708 superbis.

358 1723 475 1787 Bis
520 1723 687 1808 capti
734 1722 1024 1805 Phryges
1071 1722 1230 1787 haec
1270 1723 1515 1787 Rutulis
1561 1723 1944 1806 response}
1985 1723 2324 1788 remittunt.
2411 1723 2551 1788 Hoc
2592 1729 2727 1786 tan-

356 1831 491 1888 tum
552 1823 886 1888 Ascanius‘
941 1822 1131 1905 Verg.
1188 1825 1263 1886 A.
1307 1823 1366 1904 9,
1422 1822 1561 1889 635.
1629 1823 1796 1888 adde
1850 1825 1911 1903 7,
1957 1823 2096 1891 102.
2164 1826 2262 1903 12,
2331 1825 2472 1889 111.
2545 1822 2730 1889 Clau-

360 1925 534 1989 dian.
577 1924 638 1991 3.
684 1923 924 1990 consul.
966 1922 1229 1987 ⁴Stilich.
1280 1923 1412 1990 104.
1473 1923 1650 1988 Paul.
1697 1923 1837 1990 hist.
1886 1923 2269 2007 110118.2.,5.
2316 1922 2462 1990 Joh.
2513 1924 2728 1989 chron.

363 2024 518 2091 Ven.
555 2027 614 2104 5,
657 2026 716 2090 4.
746 2023 869 2109 (fr.
919 2025 1003 2104 ,la-
1048 2025 1392 2108 reponse‘).
1433 2061 1513 2071 —
1555 2023 1969 2106 ‚Minotaurus
2025 2077 2038 2091 .
2090 2078 2103 2090 .
2171 2024 2436 2090 Veneris
2478 2029 2728 2090 01ῦηῖ-

362 2126 620 2190 mantii
662 2124 1004 2190 nefandae‘
1053 2125 1239 2208 Verg.
1284 2124 1363 2188 A.
1398 2123 1458 2206 6,
1490 2123 1588 2190 26.
2383 2146 2390 2154 ·

530 2225 857 2306 ,Adductis
929 2232 1222 2309 spumant
1268 2224 1505 2308 fratr}
1549 2229 1742 2309 versa.
1796 2223 2071 2290 lacertis‘
2128 2224 2314 2309 Verg.
2361 2227 2435 2290 A.
2477 2228 2542 2316 ,5,
2589 2225 2726 2290 141.

360 2325 501 2391 Val.
547 2325 643 2391 Fl.
688 2327 749 2407 8,
792 2325 934 2393 219.
978 2326 1119 2393 347.
1176 2361 1257 2372 -
1312 2328 1615 2403 marici,
1683 2326 1937 2410 syllaba
1994 2332 2314 2409 postrema
2357 2325 2550 2404 elisa,
2606 2325 2725 2390 fre-

361 2433 645 2510 quenter.
705 2426 892 2510 Verg.
938 2427 1011 2490 A.
1052 2426 1111 2506 3,
1156 2425 1240 2494 70
1280 2424 1447 2490 idem
1494 2425 1840 2509 significat,
1903 2426 2070 2510 quod
2114 2426 2352 2508 ,altum‘
2398 2428 2460 2492 in
2506 2427 2727 2492 eodem

362 2547 570 2594 versu.
598 2529 655 2607 5,
683 2528 807 2594 212
831 2526 1019 2607 idem,
1074 2524 1243 2608 quod
1274 2525 1359 2590 ibi
1389 2527 1686 2610 ,pelago‘.
1731 2530 1830 2610 10,
1859 2529 1979 2596 197
2007 2528 2196 2608 idem,
2244 2527 2411 2609 quod
2457 2528 2730 2612 ,pelago‘

363 2650 421 2695 v.
448 2629 589 2696 165.
639 2628 773 2692 Val.
822 2627 914 2692 Fl.
956 2629 1017 2705 4,
1064 2627 1185 2694 644
1230 2634 1381 2708 etc.;
1423 2629 1672 2708 ,maria‘
1718 2630 1968 2712 Agnell.
2015 2630 2150 2695 Ser.
2196 2629 2394 2711 Long.
2440 2627 2585 2710 364,
2628 2629 2728 2696 37.

428 2729 436 2734 “
530 2730 811 2795 Ι)301·3111
873 2728 1066 2811 igitur
1124 2729 1465 2812 praecipue
1526 2750 1830 2814 generum
1891 2731 2202 2795 vocabula
2255 2728 2574 2814 plurativo
2617 2748 2726 2793 nu·

364 2849 540 2896 mero
597 2829 920 2895 enuntiata
976 2848 1170 2912 saepe
1226 2830 1648 2914 repperimus;
1715 2833 1980 2897 alterum
2047 2840 2142 2898 est
2199 2829 2481 2914 corporis
2536 2848 2727 2894 mem-

368 2930 712 3013 brorum,
774 2930 943 2995 velut
997 2929 1216 3007 ‚colla‚
1277 2937 1559 3012 guttura,
1624 2951 1770 3014 ora,
1826 2940 2118 3018 pectora,
2165 2934 2403 3013 terga‘,
2465 2949 2727 3015 quorum

377 3030 839 3096 similitudinem
884 3049 1019 3100 vox
1063 3028 1207 3113 ipsa
1261 3031 1581 3111 generalis
1635 3036 1948 3116 ,corpora‘
2001 3043 2219 3099 secuta
2274 3036 2403 3108 est,
2462 3030 2727 3094 alterum

373 3128 704 3212 nominum,
750 3150 912 3214 quae
940 3148 1017 3194 ex
1045 3128 1395 3214 participiis
1438 3138 1578 3196 orta
1621 3133 1706 3199 ad
1749 3134 2131 3215 loquendum
2176 3132 2511 3217 pertinent,
2555 3132 2728 3196 velut

366 3230 597 3315 ,jussa,
640 3232 989 3314 promissa,
1031 3249 1375 3313 responsa,
1420 3237 1606 3297 vota‘.

532 3331 647 3397 His
693 3352 855 3417 quae
899 3331 1260 3398 enumeravi
1300 3333 1630 3417 exemplis,
1681 3333 1905 3417 quibus
1939 3331 2068 3396 alia
2094 3330 2330 3398 addere
2356 3331 2728 3396 facillimum

370 3438 485 3511 est,
530 3435 685 3498 satis
730 3434 883 3499 mihi
926 3433 1145 3499 videor
1190 3434 1661 3517 comprobasse,
1702 3439 1928 3519 poetas
1972 3433 2347 3517 saepissime
2379 3432 2518 3497 sola
2548 3433 2728 3497 metri

370 3534 748 3599 necessitate
806 3541 1060 3600 coactos
1112 3541 1335 3600 neutra
1380 3534 1694 3619 plurativo
1737 3553 1997 3600 numero
2041 3533 2464 3616 usurpavisse.
2545 3533 2728 3610 Quod

371 3635 735 3719 Draegerus
780 3635 859 3720 (I.
904 3637 963 3715 ἓ.
996 3635 1065 3718 5)
1124 3654 1199 3700 00
1252 3635 1483 3718 plurali
1539 3635 2073 3701 substantivorum
2118 3641 2548 3700 concretorum
2596 3634 2727 3718 ple·

364 3753 628 3818 rumque
697 3755 826 3800 rem
894 3755 973 3800 ex
1047 3734 1473 3819 compluribus
1547 3736 1836 3820 partibus
1913 3741 2304 3802 constantem
2360 3743 2470 3801 aut
2521 3735 2725 3819 digni-

364 3841 498 3900 tate
542 3840 791 3900 auctam
839 3842 901 3902 et
941 3833 1392 3920 amplificatam
1448 3835 1795 3919 significari
1848 3844 2055 3922 putat,
2122 3838 2244 3903 hoc
2306 3837 2478 3903 nullo
2536 3835 2726 3901 modo

365 3934 523 4001 mihi
584 3935 833 4001 videtur
892 3935 1291 4021 comprobari
1334 3955 1545 4020 posse.
1619 3939 1829 4020 Atque
1873 3939 1981 4005 1110
2024 3937 2274 4022 quidem
2318 3939 2377 4017 ἓ.
2422 3938 2482 4018 5,
2524 3937 2563 4003 5
2609 3937 2727 4001 sub

366 4034 624 4102 nomine
667 4037 931 4120 pluralis
988 4034 1417 4120 amplificativi
1474 4054 1551 4100 ea
1609 4037 2113 4123 comprehendit,
2181 4057 2344 4122 quae
2387 4037 2574 4102 certis
2619 4057 2727 4102 vo·
2775 4108 2790 4124 .

368 4137 738 4204 cabulorum
780 4137 1104 4204 ordinibus
1149 4136 1489 4202 attribuere
1534 4155 1658 4201 non
1701 4139 1923 4222 potuit.
2005 4138 2072 4204 Si
2118 4158 2269 4204 vero
2310 4138 2418 4222 ,ad
2458 4138 2726 4220 incitas‘‚

368 4237 540 4320 quod
580 4239 896 4323 plurativo
942 4256 1197 4319 numero
1255 4237 1484 4319 ubique
1543 4239 1930 4314 enuntiatur,
1997 4238 2370 4323 omittimus,
2438 4239 2727 4305 omnibus

368 4339 451 4403 iis
517 4358 675 4423 quos
742 4343 1067 4406 enumerat
1124 4337 1285 4405 locis
1340 4347 1591 4423 praeter
1646 4338 1764 4405 Ov.
1808 4345 1955 4406 met.
2001 4341 2058 4422 4,
2101 4340 2244 4408 591.
2292 4340 2435 4407 fast.
2481 4342 2540 4421 3,
2581 4341 2724 4409 620.

368 4437 485 4504 Sil.
534 4445 591 4523 1,
634 4441 772 4507 110.
836 4438 1054 4527 [Verg.
1099 4443 1255 4505 Aen.
1303 4442 1363 4524 5,
1407 4438 1587 4528 3591,
1636 4440 1742 4506 ubi
1786 4440 2050 4525 pluralis
2094 4461 2208 4507 suo
2253 4461 2441 4508 sensu
2483 4443 2727 4528 positus
