3300 5042
1470 305 1843 409 45...-

472 536 763 602 pressus,
807 517 1056 602 laurus,
1100 520 1426 603 platanus,
1481 520 1758 603 populus
1805 518 2251 587 vetustissimis
2294 518 2647 585 masculino
2691 538 2844 602 quo-

475 638 596 701 que
639 617 892 701 prolata
933 638 1076 684 esse
1119 638 1356 702 genere
1382 619 1749 685 Priscianus
1792 622 1852 704 5,
1894 622 1955 697 8,
1997 621 2083 687 42
2125 620 2233 705 (H.
2270 619 2323 703 I,
2361 620 2510 699 169)
2556 623 2843 697 testatur,

472 727 701 799 ,rectos
745 720 1104 803 cupressus‘
1145 720 1304 787 Enn.
1351 738 1454 803 ap.
1499 720 1661 785 Gell.
1698 720 1797 802 13,
1824 720 1928 802 20,
1968 722 2066 803 13,
2110 719 2212 802 ,de
2258 739 2337 785 eo
2380 719 2525 783 fico‘
2568 717 2729 785 Cato
2762 718 2843 784 de

474 838 524 885 r.
563 835 614 883 r.
641 819 724 887 42
770 819 1063 901 praebet,
1108 826 1171 885 et
1211 819 1318 884 hic
1359 818 1612 902 quidem
1658 820 1805 887 fem.
1848 820 2003 885 ficos
2047 840 2100 886 c.
2143 822 2199 886 8.
2286 820 2521 885 Notum
2582 826 2681 885 est
2720 820 2843 885 Ro-

458 918 739 989 ‚manicis
784 918 1044 984 arbores
1088 918 1439 984 masculina
1485 938 1648 985 esse.

637 1018 817 1083 Alias
860 1018 1110 1101 priscae
1154 1017 1514 1083 Latinitatis
1568 1020 1843 1101 formas,
1905 1039 2069 1103 quae
2125 1026 2193 1085 ut
2248 1018 2477 1086 eadem
2540 1036 2843 1102 generum

475 1118 961 1185 commutatione
1015 1125 1224 1201 ortae,
1279 1119 1371 1183 ita
1422 1138 1546 1184 non
1601 1119 1787 1204 ipsae
1844 1120 2068 1186 eodem
2127 1139 2365 1204 genere
2426 1119 2507 1183 ad
2568 1118 2843 1185 medium

473 1238 700 1285 aevum
741 1226 1140 1302 propagatae
1183 1225 1346 1299 sunt,
1395 1237 1474 1284 ex
1515 1219 1727 1286 indice
1769 1220 1937 1285 infra
1980 1220 2200 1285 addito
2244 1238 2619 1303 cognoscas,
2685 1220 2843 1285 Inde

472 1326 808 1403 praeterea
848 1319 1251 1401 intellegetur
1291 1319 1393 1385 vel
1450 1336 1646 1385 aurea
1698 1319 1955 1401 linguae
2012 1324 2225 1386 aetate
2266 1339 2392 1384 non
2442 1320 2657 1385 omnia
2697 1320 2843 1385 sub-

471 1420 752 1485 stantiva
793 1438 920 1484 nno
965 1426 1326 1485 constanter
1368 1419 1660 1484 adhibita
1702 1440 1844 1487 esse
1888 1440 2155 1504 genere,
2199 1420 2393 1485 immo
2436 1421 2643 1503 ipsum
2687 1420 2844 1510 Var-

473 1539 690 1586 ronem
755 1521 1238 1603 grammaticum
1305 1540 1384 1587 ac
1439 1518 1811 1586 Ciceronem
1870 1522 1999 1587 alio
2062 1522 2219 1587 alibi
2284 1540 2519 1605 genere
2576 1520 2843 1585 eandem

470 1639 693 1687 vocem
722 1620 1084 1704 protulisse,
1129 1620 1359 1687 deinde
1394 1623 1604 1705 magis
1639 1622 1973 1706 magisque
2006 1641 2413 1707 progressam
2439 1620 2699 1705 linguae
2723 1620 2845 1685 La·
2962 1718 2966 1723 ·

469 1720 644 1785 tinae
687 1719 1154 1804 corruptionem
1195 1741 1277 1785 ex
1321 1723 1575 1805 generis
1619 1722 1991 1788 confusione
2036 1723 2273 1807 optime
2314 1720 2638 1805 cognosci.

641 1820 833 1886 Cuius
863 1820 1339 1904 depravationis
1381 1840 1508 1886 non
1555 1822 1791 1905 exigua
1834 1822 2188 1888 invenimus
2239 1822 2516 1905 vestigia
2556 1821 2620 1885 in
2654 1821 2844 1886 libro-

471 1927 606 1985 rum
631 1940 958 1987 sacrorum
981 1921 1378 1988 versionibus
1406 1927 1471 1987 et
1503 1922 1566 1985 in
1603 1922 1859 2007 scriptis
1881 1940 1918 1986 e
1935 1923 2103 1988 ccle
2120 1942 2151 1986 s
2168 1923 2189 1987 i
2208 1922 2520 2004 asticis,
2544 1939 2686 1986 cum
2714 1919 2845 2004 epi-

472 2020 671 2104 scopi,
717 2020 1006 2101 quamvis
1049 2020 1334 2105 plerique
1381 2021 1542 2087 bene
1585 2021 1835 2104 eruditi,
1878 2030 2026 2089 ante
2070 2024 2285 2088 omnia
2327 2041 2590 2105 operam
2620 2020 2846 2087 darent

473 2126 573 2199 ut,
618 2118 893 2184 dilucide
938 2126 1002 2185 et
1046 2120 1438 2203 simpliciter,
1485 2140 1650 2204 quae
1700 2123 1932 2205 vulgus
1976 2122 2115 2187 sine
2159 2124 2293 2188 ulla
2336 2122 2709 2189 difficultate
2750 2120 2843 2186 in·

470 2220 823 2303 tellegeret,
867 2219 1326 2303 exprimerent.
1379 2220 1567 2298 Quod
1611 2221 1736 2306 ipsi
1781 2242 2229 2305 nonnunquam
2272 2223 2471 2289 libere
2514 2228 2661 2287 sunt
2702 2241 2845 2305 pro·

471 2320 651 2387 fessi.
723 2319 909 2385 Velut
951 2320 1376 2403 Hieronymus
1420 2321 1501 2386 ad
1547 2322 1777 2387 Ezech.
1803 2324 1885 2389 40
1925 2322 2222 2389 adnotat:
2266 2322 2486 2403 ,semel
2524 2322 2845 2388 monuisse

471 2419 780 2502 sufficiat,
837 2438 1028 2485 nosse
1070 2439 1205 2501 me,
1267 2420 1542 2487 cubitum
1589 2430 1652 2487 et
1695 2421 1909 2489 cubita
1952 2430 2173 2489 neutro
2220 2422 2534 2507 appellari
2590 2440 2845 2505 genere,

471 2521 586 2587 sed
628 2540 746 2605 pro
795 2520 1199 2606 simplicitate
1245 2525 1308 2585 et
1351 2521 1657 2589 facilitate
1700 2507 2179 2607 intellegentiae
2223 2523 2524 2607 vulgique
2582 2541 2843 2589 consue·

471 2621 688 2687 tudine
730 2640 966 2705 ponere
1010 2620 1408 2687 masculino!

641 2720 846 2798 Quam
888 2721 1252 2803 frequenter
1280 2710 1523 2803 genera
1562 2722 1729 2788 inter
1771 2741 1840 2787 se
1884 2722 2083 2789 mixta
2115 2722 2259 2802 sint,
2306 2721 2657 2789 clarissime
2696 2720 2847 2787 inde

471 2827 760 2905 apparet,
796 2820 966 2903 quod
995 2821 1174 2886 multi
1207 2822 1727 2904 grammatici
1772 2822 1838 2887 in
1878 2822 2057 2889 libris
2087 2824 2165 2889 de
2200 2824 2440 2890 dubio
2485 2840 2846 2889 sermone

471 2922 723 3006 scriptis
747 2928 999 3006 praeter
1041 2919 1204 2985 alias
1244 2920 1588 2987 formarum
1624 2922 2010 2989 variationes
2034 2924 2114 2989 de
2142 2944 2377 3008 genere
2413 2922 2607 2990 dubio
2644 2920 2845 2988 fusius

471 3028 766 3106 egerunt,
821 3040 898 3088 eo
944 3019 1245 3099 consilio,
1309 3025 1378 3084 ut
1420 3040 1721 3106 repressa
1763 3023 2075 3088 sermonis
2118 3025 2403 3107 vulgaris
2446 3022 2736 3103 licentia,
2779 3020 2845 3085 id

471 3142 674 3207 genus
702 3140 822 3188 sua
847 3121 1018 3205 apud
1046 3119 1366 3187 discentes
1396 3122 1775 3187 auctoritate
1811 3128 2151 3203 tuerentur,
2200 3124 2371 3205 quod
2414 3140 2609 3187 aurea
2636 3126 2847 3187 aetate

471 3221 769 3289 usitatum
813 3228 969 3287 erat.
1037 3221 1177 3299 Quo
1212 3222 1529 3306 pertinent
1565 3222 1634 3287 O.
1658 3222 1847 3286 Plinii
1887 3222 2162 3288 Secundi
2204 3224 2285 3289 de
2330 3223 2523 3289 dubio
2557 3240 2848 3287 sermone

365 3334 372 3339 “
471 3322 618 3388 libri
662 3327 824 3405 octe,
865 3321 908 3387 J
912 3321 1021 3387 ulii
1045 3322 1312 3389 Romani
1357 3322 1519 3387 liber
1553 3321 1633 3389 de
1678 3322 2001 3405 analogia,
2046 3324 2254 3389 Flavii
2290 3322 2483 3407 Capri
2526 3320 2673 3387 libri
2718 3340 2847 3387 ser-

471 3423 677 3489 monis
719 3422 896 3489 dubii
941 3421 1106 3503 (sive
1149 3422 1230 3488 de
1275 3421 1484 3487 dubiis
1527 3422 1920 3505 generibus).

639 3523 737 3587 Ex
780 3522 860 3587 iis
894 3541 1076 3605 quae,
1122 3522 1355 3606 partim
1391 3541 1470 3585 ex
1503 3520 1684 3586 libris
1727 3521 1854 3586 illis
1892 3523 2139 3603 hausta,
2178 3520 2429 3605 partim,
2475 3519 2848 3586 confusione

473 3622 680 3705 magis
726 3621 1059 3704 magisque
1103 3622 1522 3707 irrumpente,
1568 3628 1793 3705 postea
1838 3620 2217 3705 conscripta,
2262 3621 2345 3686 ad
2388 3628 2670 3697 nostram
2711 3640 2849 3704 per-

473 3728 778 3787 venerunt
820 3727 1091 3787 aetatem
1137 3719 1388 3805 scriptis
1423 3722 1877 3805 grammaticis,
1924 3728 2072 3787 ante
2113 3721 2327 3787 omnia
2355 3721 2481 3785 huc
2502 3718 2851 3787 'referenda

472 3828 633 3900 sunt,
678 3841 841 3905 quae
865 3820 1111 3887 Nonius
1156 3820 1312 3906 Gap.
1347 3822 1449 3886 III
1491 3820 1609 3899 ,De
1653 3822 2013 3888 indiscretis
2047 3822 2387 3906 generibus
2426 3842 2541 3906 per
2584 3822 2855 3886 litteras‘

474 3942 535 4006 p.
564 3921 894 3989 190-231
940 3921 1020 3985 Μ.
1067 3926 1132 3986 et
1170 3921 1476 3986 Priscian.
1521 3921 1709 3987 Herz.
1742 3924 1779 3987 1
1820 3942 1881 4006 p.
1917 3921 2201 3991 169-’71
2248 3922 2574 4006 colligunt,
2620 3918 2851 3985 deinde

472 4021 636 4087 liber
678 4020 758 4087 de
803 4021 1012 4087 dubiis
1072 4021 1432 4088 nominibus
1475 4040 1581 4104 ap.
1625 4021 1793 4087 Keil.
1838 4024 1911 4104 5,
1956 4022 2303 4104 571—94,
2361 4020 2726 4088 dissertatio
2770 4018 2851 4085 de

473 4121 687 4188 verbis
728 4120 938 4186 dubiis
982 4142 1084 4206 ap.
1132 4123 1296 4189 Keil.
1341 4125 1414 4203 7,
1459 4121 1781 4203 107-12,
1826 4141 1989 4204 quae
2033 4123 2152 4188 sub
2195 4122 2389 4206 Capri
2433 4120 2686 4186 nomine
2732 4119 2852 4185 fer·

476 4228 576 4287 tur
620 4228 684 4285 et
724 4220 1065 4285 maximam
1094 4230 1340 4307 partem
1385 4242 1467 4287 ex
1511 4222 1647 4287 eius
1693 4221 1854 4288 libro
1897 4222 2145 4289 videtur
2188 4241 2330 4289 esse
2375 4225 2697 4305 excerpta,
2742 4217 2850 4283 de-

476 4321 665 4403 nique
708 4319 926 4384 Bedae
982 4322 1143 4386 liber
1199 4321 1279 4387 de
1337 4321 1800 4405 orthographia
1846 4340 1949 4407 ap.
1992 4322 2157 4390 Keil.
2204 4323 2276 4404 7,
2321 4322 2445 4389 261
2488 4339 2583 4402 sq.
2668 4317 2851 4384 Adde

476 4419 786 4504 imprimis
829 4438 992 4502 quae
1036 4421 1347 4505 praebent
1366 4420 1711 4487 Diomedes
1754 4440 1859 4505 ap.
1902 4420 2068 4487 Keil.
2099 4425 2157 4503 1,
2200 4422 2340 4501 327,
2383 4426 2423 4489 1
2468 4440 2588 4505 sq„
2632 4424 2853 4487 auctor
