3300 5042
1436 361 1841 429 ...33-

460 540 611 624 maj.
656 561 714 605 a.
757 541 881 610 823
922 562 985 626 p.
1030 540 1133 620 93,
1186 540 1432 624 ,hyems
1473 541 1748 607 validus‘
1789 541 1950 605 Ann.
1994 540 2213 607 Colon.
2257 540 2520 607 breviss.
2565 562 2624 608 a.
2667 542 2809 610 860.

460 642 857 726 Quamquam
897 641 964 705 id
1008 661 1085 707 eo
1105 641 1426 726 paululum
1470 641 1716 708 videtur
1758 641 2040 724 adjutum
2083 660 2246 722 esse,
2278 641 2445 724 quod
2483 642 2632 707 anni
2656 649 2805 709 tem-

460 761 621 828 pora
666 762 705 806 a
748 739 1082 811 Germanis
1126 741 1477 808 masculina
1517 743 1925 809 vocabantur.

627 842 849 909 Exitus
912 862 1136 908 sonum
1194 842 1383 908 medii
1443 843 1585 909 aevi
1640 843 1928 908 homines
1984 843 2048 907 in
2091 861 2324 927 genere
2363 842 2810 910 vocabulorum

462 941 758 1026 eligendo
812 949 1063 1009 secutos
1121 962 1293 1026 esse,
1362 963 1442 1009 ex
1496 943 1617 1009 hoc
1679 945 1969 1030 exemplo
2015 942 2360 1011 clarissime
2400 943 2807 1028 perspicitur:

466 1043 618 1108 Cum
654 1063 955 1128 orqana
992 1044 1264 1130 primum
1302 1045 1634 1111 Germanis
1668 1045 2148 1124 innotescerent,
2189 1043 2352 1110 haec
2382 1044 2449 1110 in
2477 1044 2810 1110 annalibus

464 1150 605 1209 sunt
660 1144 929 1229 scripta:
984 1146 1177 1224 ,venit
1230 1164 1473 1228 organa
1513 1147 1578 1210 in
1621 1145 1977 1211 Franciam‘
2018 1143 2083 1209 in
2126 1145 2288 1211 Ann.
2332 1144 2536 1210 Alam.
2579 1151 2643 1210 et
2681 1143 2808 1209 Na-

458 1263 671 1308 zaren.
715 1242 796 1308 M.
844 1244 919 1310 G.
962 1245 1028 1310 S.
1073 1248 1130 1324 1,
1170 1244 1271 1312 28.
1314 1244 1427 1327 29,
1491 1245 1556 1310 in
1598 1247 1761 1310 Ann.
1807 1246 2000 1330 Sang.
2045 1245 2194 1329 maj.
2240 1266 2298 1311 a.
2337 1245 2459 1313 757
2515 1264 2664 1330 pag.
2712 1244 2808 1326 74,

456 1346 625 1408 Ann.
670 1344 987 1412 Francinc.
1035 1345 1204 1411 brev.
1249 1347 1448 1430 Bouq.
1493 1348 1551 1426 5,
1596 1347 1680 1414 10
1720 1347 1798 1430 D,
1841 1347 2001 1411 Anu.
2052 1345 2377 1410 Petavian.
2413 1345 2493 1413 13
2528 1345 2600 1426 B,
2647 1347 2807 1410 Ann.

456 1445 659 1528 Sang.
706 1445 875 1511 brev.
922 1444 1046 1513 359
1086 1445 1178 1526 D3
1248 1446 1441 1528 ,venit
1492 1466 1769 1530 organus
1835 1447 1898 1511 in
1964 1445 2261 1512 Francia‘
2320 1447 2480 1511 Ann.
2538 1445 2805 1512 Laures·

455 1544 629 1610 ham.
684 1545 765 1609 Μ.
809 1546 884 1612 G.
929 1546 995 1611 S.
1039 1545 1089 1623 I,
1134 1566 1191 1612 a.
1236 1546 1391 1629 7573
1463 1566 1731 1630 ,organa
1772 1547 1968 1613 missa
2009 1550 2172 1612 sunt‘
2217 1546 2448 1612 Chron.
2493 1545 2810 1613 Lamberti

456 1645 925 1730 Scbafnaburg.
972 1647 1176 1730 (circa
1219 1666 1278 1710 a.
1314 1645 1507 1732 1077)
1553 1647 1752 1731 Bouq.
1796 1649 1853 1724 5,
1895 1647 2017 1715 367
2061 1647 2145 1728 B;
2188 1649 2541 1730 ,organum‘
2583 1647 2809 1712 Marini

456 1746 636 1812 Scoti
668 1746 903 1827 chron„
929 1746 1120 1828 paulo
1152 1753 1299 1813 ante
1334 1748 1653 1813 saeculum
1682 1747 2116 1814 duodecimum
2149 1747 2582 1832 compositum,
2608 1748 2808 1830 Bouq.

455 1847 520 1930 5,
566 1846 692 1914 368
732 1847 803 1913 Β.
892 1846 1192 1912 Videmus
1244 1847 1436 1931 igitur
1499 1867 1760 1929 nomen,
1829 1868 1969 1914 cum
2025 1848 2292 1933 primum
2349 1867 2486 1913 cum
2540 1848 2684 1932 ipsa
2741 1867 2810 1913 re

455 1946 546 2013 ad
588 1947 867 2014 Francos
910 1947 1295 2031 perveniret,
1363 1947 1726 2013 femininum
1771 1968 1914 2015 esse
1957 1949 2244 2031 ductum,
2303 1953 2530 2033 postea
2571 1948 2653 2012 ab
2697 1946 2806 2014 ho·

454 2047 731 2112 minibus
776 2048 979 2114 doctis
1023 2046 1407 2132 primitivum
1451 2047 1744 2114 Latinum
1809 2049 1944 2116 sive
2006 2048 2215 2134 potius
2255 2049 2564 2114 Graecum
2609 2067 2809 2132 genus

456 2166 604 2214 esse
668 2149 1042 2213 restitutum.
1130 2147 1258 2213 Sed
1321 2147 1691 2215 femininum
1745 2149 1899 2216 illud
1940 2157 2069 2216 tam
2114 2150 2290 2216 firme
2334 2168 2473 2214 cum
2515 2147 2808 2234 populari

458 2247 915 2315 consuetudine
956 2248 1205 2314 dicendi
1253 2249 1507 2330 coaluit,
1548 2255 1621 2315 ut
1661 2269 1777 2316 nos
1842 2250 1966 2329 ,die
2011 2251 2210 2334 orgel‘
2255 2249 2568 2326 dicamus,
2613 2249 2808 2314 Fran-

456 2348 694 2432 cogalli
738 2350 804 2413 in
846 2350 1077 2434 plurali
1123 2357 1398 2434 ,orgues‘
1457 2349 1602 2416 fem.
1626 2399 1645 2434 ,
1689 2351 1771 2416 cf.
1816 2350 2034 2418 Littre.
2079 2351 2420 2432 Riemann,
2465 2350 2632 2434 Allg.
2676 2349 2806 2416 Mu-

456 2449 646 2515 sikal.
692 2448 967 2534 Zeitung
1010 2449 1177 2519 1879
1219 2451 1329 2515 Nr.
1376 2452 1417 2516 4
1462 2451 1653 2534 (sing.
1701 2457 1938 2536 ,orgue‘
1983 2471 2176 2519 masc.
2220 2488 2301 2499 —
2341 2461 2620 2536 ,organe‘
2664 2450 2811 2517 fem.

454 2550 650 2634 prisc.
695 2550 769 2614 fr.
818 2551 899 2616 cf.
946 2551 1376 2616 Darmesteter
1417 2572 1481 2636 p.
1507 2550 1706 2637 250.).

624 2649 912 2732 Denique
936 2652 1019 2716 ad
1043 2651 1129 2731 id,
1173 2658 1239 2717 ut
1265 2651 1672 2734 Longobardi
1714 2651 1860 2718 inde
1903 2672 1944 2718 a
1987 2651 2244 2718 saeculo
2280 2645 2554 2735 'septimo
2582 2670 2622 2715 a
2647 2669 2809 2716 mas-

459 2750 684 2817 culinis
731 2749 794 2815 in
843 2755 958 2832 ,us‘
1003 2752 1392 2836 pluralem
1439 2752 1511 2816 in
1559 2755 1736 2830 ,ora‘
1784 2758 1857 2819 et
1895 2757 2120 2835 ,oras‘
2163 2752 2488 2836 fingerent,
2533 2756 2810 2818 neutra

460 2851 685 2917 tertiae
729 2851 807 2917 in
851 2857 983 2934 ,us‘
1028 2853 1197 2918 velut
1223 2855 1428 2935 ‚latus,
1471 2852 1640 2933 litus,
1686 2859 1923 2936 pectus,
1953 2872 2168 2937 pecuS,
2199 2852 2468 2936 pignus‘,
2515 2870 2556 2916 a
2582 2853 2807 2935 quibus

470 2951 655 3016 etiam
698 2953 1039 3019 accusativi
1085 2952 1149 3017 in
1191 2960 1379 3034 ,oras‘
1421 2953 1630 3019 medio
1675 2972 1833 3020 aevo
1877 2955 2202 3038 leguntur,
2261 2951 2546 3018 nonnihil
2588 2958 2808 3018 contu-

471 3050 687 3116 lerunt.

632 3151 727 3216 Ad
766 3153 853 3233 id,
898 3159 965 3217 ut
1004 3152 1453 3237 ‚promissa,
1500 3152 1748 3230 clausa,
1793 3170 2128 3236 responsa,
2173 3157 2385 3235 gesta,
2428 3151 2624 3234 finita,
2667 3151 2806 3218 red-

466 3248 631 3332 dita,
674 3253 993 3338 explicita‘
1041 3271 1241 3334 genus
1284 3252 1740 3318 femininum
1784 3252 2217 3331 induerentur,
2258 3251 2475 3336 magni
2519 3251 2637 3317 fuit
2674 3271 2806 3317 mo·

462 3351 693 3434 menti,
732 3352 901 3436 quod
946 3355 1143 3419 multa
1183 3353 1410 3418 Latina
1453 3352 1755 3417 feminina
1795 3353 1858 3417 in
1902 3372 1957 3434 ,s
1970 3359 2032 3417 a‘
2075 3353 2350 3432 exibant,
2395 3370 2654 3434 quornm
2695 3371 2807 3417 nu·

463 3470 701 3517 merum
773 3454 854 3519 ab
912 3454 1379 3520 Ecclesiasticis
1442 3453 1716 3518 maxime
1783 3459 2029 3519 auctum
2099 3473 2240 3519 esse
2307 3471 2386 3517 ex
2451 3451 2808 3517 Roenschio

463 3553 922 3636 cognoscimus.
1007 3553 1060 3618 E
1112 3553 1321 3618 multis
1361 3573 1570 3638 pauca
1612 3554 1863 3638 eligam.
1950 3553 2288 3637 ,Impensa‘
2328 3553 2568 3638 primus
2619 3550 2804 3636 Verg.

460 3652 769 3733 ,defensa‘
794 3653 963 3720 Tert.
986 3661 1288 3736 ,extensa,
1332 3654 1562 3738 plecta‘
1592 3655 1773 3720 Itala.
1815 3654 2050 3734 ,missa‘
2092 3653 2247 3720 Cod.
2291 3652 2532 3721 Theod.
2575 3657 2808 3735 ,caesa‘

463 3753 689 3837 Veget.
755 3760 1082 3840 ,expensa‘
1148 3755 1445 3821 Pandect.
1509 3755 1840 3821 Claudian.
1903 3757 2108 3837 ,torta‘
2170 3755 2424 3838 Vulgat.
2504 3752 2806 3837 ,accessa‘

462 3855 643 3921 Serv.
687 3854 971 3937 ,offensa‘
1014 3856 1276 3939 Gregor.
1321 3855 1562 3932 ,incisa‘
1605 3855 1842 3921 Charta
1883 3857 2047 3921 Itala
2089 3875 2145 3922 a.
2173 3853 2312 3924 999.
2357 3855 2604 3937 ,electa‘
2642 3855 2806 3918 Ann-

462 3955 655 4021 Curb.
701 3975 759 4019 a.
805 3957 984 4024 1147.

628 4054 849 4139 Neque
906 4055 1111 4120 minus
1179 4054 1498 4120 abstracta
1540 4055 1604 4119 in
1651 4055 1863 4132 ,entia‘
1907 4056 2121 4140 magni
2165 4062 2344 4122 erant
2383 4053 2680 4120 momenti
2721 4052 2806 4117 ad

464 4154 551 4234 id,
597 4163 664 4220 ut
703 4157 961 4222 nomina
1004 4162 1298 4222 concreta
1342 4157 1511 4220 velut
1553 4155 1954 4238 ,adjacentia,
2001 4157 2410 4240 pertinentia,
2457 4153 2805 4236 sequentia‘

467 4255 551 4319 ad
599 4256 964 4321 femininum
1008 4275 1208 4338 genus
1252 4257 1784 4339 detorquerentur.
1870 4254 2047 4332 Quae
2112 4255 2495 4322 feminina
2536 4253 2611 4319 in
2658 4274 2805 4336 ,enff

468 4355 601 4419 tia‘
647 4358 980 4440 postremis
1011 4358 1267 4440 linguae
1291 4356 1555 4422 Latinae
1592 4354 1980 4440 temporibus
2014 4356 2198 4420 valde
2242 4363 2388 4422 sunt
2427 4363 2636 4440 aucta,
2677 4355 2803 4421 vel-

468 4462 537 4524 ut
560 4456 957 4540 ·,candentia‘
990 4459 1228 4558 primus
1250 4458 1405 4535 Vitr.
1438 4455 1824 4552 ,obticentia‘
1855 4454 2019 4534 Cels.
2053 4457 2451 4546 ,resistentia‘
2475 4456 2805 4554 Augustin,
