3300 5042
1585 341 1989 411 „32-

613 521 829 591 nescio
871 542 952 589 an
995 524 1078 589 ob
1119 522 1186 589 id
1228 522 1442 608 priora
1492 523 1605 591 illa
1660 524 1964 591 feminina
2015 532 2321 612 concepta
2374 526 2530 609 sint,
2597 525 2766 607 quod
2811 523 2964 592 sub-

612 624 817 690 audiri
880 630 1128 709 poterat
1191 625 1565 691 vocabulum
1632 625 1873 691 stellae.
1941 628 2147 705 ,stella
2210 627 2490 694 cometis‘
2554 627 2791 712 (,stella
2852 645 2961 691 co-

611 727 832 791 metes‘
865 724 1006 811 jam
1047 724 1330 791 Justiuus
1374 724 1580 806 dixit),
1624 726 1880 810 saepius
1921 726 2194 811 legimus
2236 728 2300 792 in
2344 727 2534 794 medii
2578 727 2721 793 aevi
2765 746 2963 792 anna-

611 826 810 909 libus,
880 826 1050 892 velut
1094 826 1258 891 Anu.
1302 827 1505 893 Alam.
1554 833 1719 893 cont.
1774 844 1833 891 a.
1876 825 2000 895 868
2041 827 2125 892 Μ.
2171 828 2247 894 G.
2292 828 2359 894 S.
2407 831 2466 910 1,
2510 829 2612 910 51,
2667 830 2964 910 ,cometa‘

611 926 1067 993 substantivum
1113 925 1257 992 fem.
1305 926 1368 991 in
1412 926 1693 993 eiusdem
1739 927 1967 992 aetatis
2000 928 2334 993 annalibus
2365 927 2743 1011 frequenter,
2789 927 2968 994 velut

610 1028 674 1092 in
702 1026 1188 1110 Ann.Augiens.
1236 1045 1294 1093 a.
1335 1026 1461 1095 868
1499 1027 1578 1093 Μ.
1624 1028 1703 1094 G.
1746 1027 1813 1092 S.
1856 1028 1905 1091 I.
1953 1027 2063 1115 (cf.
2109 1026 2319 1095 Weise
2360 1026 2533 1115 389).

775 1126 1038 1194 Accedit
1098 1126 1266 1209 quod
1319 1128 1622 1193 nonnulla
1677 1127 1991 1193 secundae
2045 1127 2481 1195 declinationis
2538 1128 2839 1194 feminina
2891 1128 2966 1193 in

610 1248 696 1294 us
755 1226 1064 1310 imprimis
1137 1226 1384 1293 Graeca
1446 1228 1723 1312 speciem
1786 1228 2241 1295 terminationis
2304 1236 2522 1295 secuta
2585 1231 2651 1295 in
2714 1247 2964 1295 mascu-

610 1328 742 1393 lina
803 1327 1212 1409 transierunt,
1283 1327 1364 1393 cf.
1422 1346 1586 1409 quae
1645 1347 1839 1415 supra
1894 1329 1973 1395 de
2028 1328 2357 1394 arboribus
2412 1329 2562 1395 dixi.
2647 1329 2755 1395 Sic
2796 1330 2966 1395 dia-

609 1435 893 1493 metros
937 1426 1093 1492 Vitr.
1121 1427 1220 1493 bis
1251 1426 1418 1509 fem„
1460 1434 1554 1494 ter
1597 1447 1811 1511 masc„
1856 1429 1931 1494 fr.
1975 1428 2059 1512 ,le
2102 1428 2466 1512 diametre‘3
2509 1429 2546 1515 ἦ
2594 1427 2963 1509 ἀντίδοτος,

614 1529 690 1595 τὸ
737 1526 1102 1594 ἀντίδοτον.
1172 1529 1584 1593 antidotus
1622 1528 1770 1596 fem.
1840 1528 2101 1613 Gellius,
2147 1530 2458 1612 Scrihon„
2502 1531 2729 1615 Caper.
2772 1530 2961 1613 ,anti-

611 1629 849 1694 dotum‘
883 1630 1045 1694 Cels.
1083 1627 1320 1711 (Weise
1347 1649 1408 1713 p.
1435 1629 1606 1712 343).
1651 1629 2018 1711 ,antidotus‘
2059 1651 2251 1697 masc.
2299 1631 2548 1698 Oribas.
2592 1631 2668 1697 fr.
2710 1651 2819 1713 ,un
2850 1650 2963 1695 an-

609 1728 860 1811 tidote‘3
924 1730 1439 1796 centunculus
1492 1729 1733 1795 Plinius
1788 1736 1852 1797 et
1893 1729 2355 1815 significatione
2412 1730 2751 1813 adductus,
2818 1750 2961 1797 eum

609 1829 829 1914 planta
871 1836 1072 1912 esset,
1132 1830 1278 1897 fem.
1323 1837 1386 1896 et
1426 1830 1929 1897 terminationem
1972 1841 2227 1899 secutus
2269 1851 2463 1899 masc.
2507 1832 2709 1915 ponit;
2771 1852 2961 1897 ame-

610 1929 918 2016 thystus
950 1929 1097 1997 fem.
1133 1929 1270 2013 Ov„
1313 1930 1445 2011 alii,
1488 1931 1569 1997 ef.
1616 1931 1829 1997 Weise
1860 1932 2001 2000 334.
2055 1951 2247 1999 masc.
2290 1932 2444 1997 Isid.
2487 1931 2562 1998 fr.
2605 1951 2753 2015 ,une
2788 1934 2960 1998 ame-

609 2030 862 2113 thyste‘.
903 2030 970 2095 it.
992 2030 1354 2113 ,amatista‘.
1398 2050 1594 2114 germ.
1622 2050 1849 2114 masc.;
1894 2032 2323 2117 sapphirus
2354 2051 2565 2116 graec.
2599 2031 2744 2099 fem.
2772 2032 2960 2115 Plin„

610 2150 803 2197 masc.
849 2131 933 2197 Is.
967 2130 1035 2195 it.
1067 2130 1350 2214 ,zaffiro‘.
1397 2129 1476 2196 fr.
1519 2131 1601 2215 ,le
1623 2131 1891 2216 saphir‘3
1938 2153 2233 2198 eremus
2272 2151 2485 2217 graec.
2528 2133 2674 2199 fem.
2700 2135 2961 2216 ,erema‘

610 2239 810 2298 neutr.
852 2231 1022 2298 Tert.
1066 2231 1144 2297 de
1188 2231 1340 2297 idol.
1383 2231 1422 2298 5
1467 2239 1619 2313 etc.,
1684 2231 1852 2314 quod
1906 2232 2127 2299 eodem
2185 2232 2583 2299 referendum
2638 2239 2764 2312 est,
2835 2253 2957 2315 quo

608 2332 855 2415 ,ardua‘
898 2338 1014 2398 etc.
1073 2330 1150 2399 ef.
1197 2352 1260 2417 p.
1295 2331 1379 2400 28
1420 2352 1550 2416 sq.,
1608 2331 1763 2399 Cod.
1810 2330 1970 2399 Just.
2018 2335 2072 2415 1,
2114 2333 2217 2414 57,
2260 2334 2321 2399 4.
2374 2333 2707 2415 ,heremus‘
2762 2351 2948 2399 masc.

609 2432 758 2499 Vita
800 2432 866 2499 S.
911 2432 1082 2499 Galli
1125 2432 1184 2515 5,
1225 2431 1338 2516 39,
1381 2432 1658 2520 saepius.
1704 2432 1770 2497 it.
1812 2435 2053 2516 ,ermo‘.
2098 2432 2261 2519 hisp.
2303 2436 2585 2519 ,yermo‘.
2628 2452 2808 2518 prov.
2861 2451 2944 2516 pr.

609 2532 688 2599 fr.
727 2536 974 2618 ,erme‘3
1013 2532 1360 2619 synodus
1404 2533 1550 2600 fem.
1575 2552 1788 2616 graec.
1814 2535 2017 2599 Amm.
2046 2540 2163 2600 etc.
2210 2534 2532 2619 ,synodus‘
2557 2554 2753 2601 masc.
2799 2536 2954 2597 Anu.

612 2632 1020 2701 Lauresham.
1078 2654 1138 2700 a.
1179 2634 1306 2702 ’794
1360 2640 1424 2700 et
1481 2634 1606 2701 802
1645 2633 1814 2701 Mon.
1860 2634 1934 2701 G.
1979 2635 2045 2701 S.
2090 2634 2141 2701 Ι.
2185 2655 2377 2700 masc.
2440 2635 2697 2721 saepius
2750 2633 2961 2700 medio

613 2754 804 2817 aevo,
860 2736 1033 2801 velut
1074 2735 1236 2800 Anu.
1283 2734 1643 2801 Corbeiens.
1704 2755 1763 2799 a.
1806 2734 1959 2819 9923
2014 2734 2283 2820 ‚synodo
2326 2739 2533 2803 sacro‘
2585 2734 2751 2799 Mon.
2800 2732 2962 2799 Ven.

610 2836 771 2901 Doc.
807 2835 869 2918 2,
913 2835 992 2902 71
1037 2855 1096 2900 a.
1131 2834 1273 2903 964.
1315 2852 1493 2920 prov,
1535 2838 1778 2917 ,seune‘
1817 2856 2046 2918 masc,
2103 2836 2178 2901 fr.
2222 2842 2441 2903 nostra
2481 2842 2689 2901 aetate
2730 2834 2813 2917 ,le
2857 2852 2963 2918 sy·

611 2933 821 3003 node‘.
903 2935 1004 3001 Ita
1046 2955 1086 3000 a
1110 2934 1549 3019 Francogallis
1591 2944 1850 3017 atomus,
1892 2938 2195 3003 dialectus
2238 2937 2333 3021 (it.
2375 2938 2730 3021 ‚dialetto‘),
2764 2954 2967 3020 para·

611 3036 892 3120 amphus
905 3086 925 3119 ,
964 3055 1206 3101 vannus
1216 3083 1237 3117 ,
1294 3036 1392 3115 (ut
1431 3053 1546 3099 nos
1590 3035 1855 3101 dicimus
1895 3037 2032 3119 ,der
2074 3036 2346 3118 dialekt,
2389 3038 2500 3103 der
2542 3035 2965 3123 paragrapb‘)

615 3136 701 3202 ad
740 3136 1154 3201 masculinum
1197 3154 1398 3221 genus
1441 3135 1691 3202 detorta
1728 3143 1891 3202 sunt.

776 3236 1097 3321 ,Polypus,
1141 3236 1485 3322 raphanus‘
1527 3236 1632 3317 (cf.
1665 3236 1877 3304 Weise
1898 3238 2072 3321 507),
2107 3238 2505 3323 ,crystallus‘,
2539 3256 2701 3321 quae
2722 3234 2964 3301 Neuius

616 3344 1082 3420 commemorat,
1128 3337 1363 3416 omitto,
1409 3335 1558 3419 quia
1591 3337 1730 3420 jam
1774 3336 2037 3405 Graecis
2084 3344 2147 3403 et
2188 3338 2539 3404 masculina
2565 3344 2629 3403 et
2658 3336 2964 3403 feminina

617 3444 778 3504 sunt.
861 3437 1022 3503 Tum
1059 3444 1295 3523 qummi
1337 3444 1399 3504 et
1438 3440 1651 3523 sinapi
1691 3444 1916 3503 neutra
1956 3458 2191 3522 graeca
2225 3438 2309 3504 ad
2342 3438 2809 3505 similitudinem
2830 3456 2963 3502 ma-

608 3538 770 3623 j0ris
811 3538 1052 3604 numeri
1095 3538 1542 3604 vocabulorum
1587 3558 1628 3604 a
1670 3538 1969 3623 stirpibus
2010 3538 2077 3603 in
2124 3538 2187 3621 ,i‘
2229 3537 2510 3605 fictorum
2555 3539 2618 3604 in
2661 3537 2967 3604 feminina

619 3645 766 3704 sunt
807 3657 1134 3705 conversa.
1220 3638 1461 3706 Eadem
1487 3638 1568 3705 de
1598 3657 1796 3705 causa
1838 3638 1917 3705 de
1961 3658 2037 3705 eo
2082 3638 2250 3722 quod
2293 3646 2389 3706 est
2430 3639 2633 3726 κάρα
2678 3638 2967 3705 derivata

619 3738 982 3807 Romanicis
1053 3738 1355 3805 feminina
1411 3746 1574 3807 sunt.
1631 3739 1713 3806 cf.
1770 3738 1945 3806 Diez.
2010 3739 2083 3805 Ε.
2128 3738 2258 3805 ΨΑ
2296 3741 2397 3808 87.
2481 3740 2762 3805 Plurima
2816 3756 2964 3804 neu·

618 3847 719 3905 tra
758 3840 824 3904 in
864 3842 1013 3923 ,ma‘
1025 3889 1044 3923 ,
1100 3840 1299 3906 multa
1338 3840 1612 3926 pluralia
1653 3840 1903 3907 Graeca
1946 3840 2026 3906 de
2069 3840 2328 3908 urbibus
2370 3840 2543 3907 dicta
2575 3839 2713 3923 jam
2756 3838 2969 3923 prisea

620 3947 829 4007 aetate
872 3940 955 4005 ad
996 3940 1358 4007 femininum
1401 3961 1603 4025 genus
1645 3939 1896 4007 deflexa
1938 3961 2111 4022 esse,
2180 3960 2261 4005 ex
2319 3940 2527 4006 indice
2594 3956 2964 4023 cognoscas,

621 4042 676 4107 E
701 4040 1028 4108 vocabulis
1060 4061 1207 4107 vere
1237 4039 1480 4107 Latinis
1519 4042 1828 4127 imprimis
1874 4043 1994 4108 hoc
2036 4041 2178 4108 loco
2216 4040 2454 4107 hiems
2494 4038 2966 4105 memorandum

621 4149 737 4225 est,
780 4142 969 4226 quod,
1015 4162 1155 4209 eum
1181 4148 1392 4209 cetera
1413 4143 1687 4225 nomina,
1738 4162 2001 4226 quorum
2037 4142 2228 4227 stirps
2259 4142 2324 4205 in
2359 4143 2467 4223 ,m‘
2509 4139 2759 4220 desinit,
2801 4156 2966 4203 mas·

621 4243 832 4311 culina
853 4250 1081 4326 essent,
1105 4243 1312 4309 medio
1335 4262 1494 4309 aevo
1519 4244 1583 4308 in
1604 4244 2017 4311 masculinum
2039 4247 2340 4308 mutatum
2363 4247 2477 4324 est,
2503 4239 2676 4307 velut
2698 4237 2967 4323 ,hiemps

624 4345 886 4429 grandis
928 4351 992 4411 et
1031 4345 1244 4410 durus‘
1285 4344 1582 4413 exhibent
1621 4345 1783 4409 Ann.
1826 4342 2199 4423 Nazariani,
2244 4348 2523 4409 extremo
2565 4341 2821 4407 saeculo
2862 4358 2967 4404 oc-

623 4453 771 4513 tavo
826 4445 1190 4531 conscripti,
1252 4444 1419 4512 Mon.
1470 4445 1546 4511 G.
1599 4445 1664 4511 S.
1712 4446 1775 4529 Ι,
1836 4443 2105 4531 ,hiemps
2160 4447 2449 4529 magnus‘
2500 4442 2663 4507 Anu.
2719 4441 2964 4524 Ratisp.
