3300 5042
1554 393 1806 458 -ρο
1887 430 1969 439 -.

582 581 733 639 sunt
789 572 853 638 in
916 574 1139 639 charta
1193 573 1420 639 Italica
1474 593 1533 639 a.
1581 573 1705 642 602
1763 574 1866 640 vel
1920 573 2044 642 603
2100 571 2266 638 Mon.
2313 573 2391 638 H.
2421 573 2493 637 P.
2538 573 2592 654 1,
2635 573 2697 638 2.
2769 570 2946 636 Etsi

461 663 467 668 ’
585 681 755 740 recte
797 674 1031 758 tradita
1074 681 1171 750 est
1212 675 1419 741 forma
1462 673 1976 756 ‚destruendam‘,
2037 673 2176 757 Jam
2220 681 2351 738 tum
2395 673 2459 737 in
2505 690 2581 738 eo
2639 677 2808 750 erat,
2879 677 2949 736 ut

588 774 826 860 gaudia
886 775 950 840 in
1024 774 1389 842 femininum
1467 780 1952 841 converteretur.
2061 774 2133 838 In
2203 775 2352 859 Esp.
2420 775 2605 857 Sagr.
2672 773 2944 856 exempli

588 896 783 943 causa
830 884 1110 956 ,aeterna
1148 878 1391 962 qaudia
1434 876 1786 963 pervenire‘
1832 875 2107 941 Donatio
2151 897 2209 940 a.
2238 877 2400 943 1146
2441 876 2566 941 vol.
2591 875 2674 942 50
2716 873 2944 957 p.406.

750 976 950 1056 Adde,
996 976 1184 1042 medii
1230 977 1372 1042 aevi
1418 975 1758 1060 scriptores
1787 975 2008 1042 eodem
2046 997 2235 1042 sensu
2263 977 2392 1042 alia
2417 995 2612 1060 saepe
2635 974 2948 1040 vocabula

587 1098 845 1144 numero
871 1078 1184 1162 plurativo
1208 1079 1586 1144 enuntiasse.
1657 1077 1848 1143 Velut
1888 1079 2124 1162 ,opima
2166 1076 2685 1144 remunerationis
2716 1095 2944 1160 prae·

587 1181 760 1244 mia‘
815 1178 969 1244 Mar.
1017 1178 1099 1244 10
1139 1199 1197 1244 a.
1242 1181 1395 1259 8803
1460 1185 1779 1260 ‚aeternae
1837 1178 2262 1244 retributionis
2299 1179 2610 1264 praemia‘
2663 1175 2779 1242 Oh.
2823 1176 2944 1240 Eb-

586 1279 771 1344 bonis
817 1298 875 1342 a.
922 1278 1043 1346 917
1086 1280 1285 1361 Bouq.
1331 1279 1517 1363 9‚·73
1562 1281 1645 1360 A3
1715 1281 2019 1363 ,praemia
2073 1279 2254 1362 regni
2299 1279 2614 1346 caelestis‘
2656 1277 2942 1359 Heriger.

590 1381 764 1447 Gest.
809 1379 1020 1464 Episc.
1067 1378 1373 1446 Leodens.
1418 1380 1584 1445 Mon.
1631 1379 1705 1444 G.
1751 1381 1815 1443 S.
1862 1381 1922 1458 7,
1969 1379 2107 1462 166,
2151 1379 2263 1462 26’;
2308 1383 2609 1465 ‚praemia
2650 1384 2948 1444 aeternae

589 1481 768 1565 pacis
824 1479 1163 1545 inveniant‘
1230 1481 1395 1546 Mon.
1451 1482 1529 1546 H.
1588 1481 1653 1546 P.
1715 1478 1830 1544 Ch.
1880 1480 1938 1563 1,
1982 1480 2106 1547 800
2149 1501 2208 1547 a.
2257 1479 2436 1548 1151.
2497 1519 2579 1528 --
2643 1497 2947 1562 ,mercare

589 1583 971 1648 caelestia
1012 1587 1291 1647 aeterna‘
1334 1582 1571 1647 Charta
1614 1580 1955 1664 chilperici
1988 1581 2073 1648 II.
2119 1601 2176 1648 a.
2209 1583 2332 1649 716
2377 1583 2573 1665 Bouq.
2615 1581 2675 1660 4,
2723 1579 2847 1647 690
2874 1579 2946 1659 Β,

591 1684 908 1769 Diploma
956 1683 1209 1768 Pippini
1275 1703 1333 1747 a.
1377 1683 1503 1751 768
1557 1682 1758 1766 Bouq.
1801 1683 1878 1765 4,
1931 1681 2053 1749 709
2097 1683 2184 1762 D3
2264 1683 2368 1765 ,ad
2419 1683 2711 1749 caelestia
2752 1679 2946 1745 demi·

557 1789 850 1869 -grante‘.
895 1784 1202 1850 Miracula
1255 1785 1320 1848 S.
1378 1783 1728 1866 Benedicti,
1791 1782 2020 1849 Oarolo
2085 1784 2284 1849 Calvo
2355 1804 2506 1868 rege
2575 1781 2948 1868 composita,

592 1889 790 1969 Bouq.
836 1887 894 1969 5,
940 1886 1080 1954 382.
1137 1923 1218 1932 -
1291 1886 1494 1950 caeli
1562 1884 1877 1968 Vulgata,
1943 1884 2235 1965 Tertull.,
2304 1886 2570 1968 Arnob.,
2636 1883 2949 1964 Laetant.,

590 1988 815 2072 Gypr.‚
876 1986 984 2052 alii
1042 1987 1245 2068 Ecel.,
1312 1985 1653 2071 scriptores
1711 1984 1904 2050 medii
1952 1986 2092 2050 aevi
2147 1986 2554 2069 saepissime,
2619 1991 2825 2050 ortum
2869 2003 2950 2048 ex

590 2088 879 2154 versione
971 2087 1261 2152 vocabuli
1350 2086 1688 2152 Hebraeici
1767 2087 1956 2178 0273135.
2059 2086 2245 2169 Apud
2320 2093 2565 2152 veteres
2628 2085 2948 2150 Romanos
2993 2098 2997 2102 ·

591 2195 757 2260 huno
819 2192 1125 2276 pluralem
1196 2191 1583 2257 rarissimum
1654 2193 1850 2259 fuisse
1915 2193 2157 2260 Neuius
2217 2213 2278 2276 p.
2323 2192 2446 2259 41¹5
2501 2197 2564 2257 et
2613 2191 2734 2257 541
2782 2209 2948 2256 com-

589 2294 835 2379 probat.
875 2331 957 2340 --
998 2313 1146 2375 ‚non
1194 2292 1381 2377 eripit
1422 2294 1716 2359 mortalia
1760 2294 1864 2378 qui
1909 2313 2108 2377 regna
2142 2295 2254 2359 dat
2283 2292 2610 2360 caelestia‘
2651 2290 2946 2357 Sedulius

592 2393 762 2479 apud
808 2393 989 2461 Meril
1034 2395 1180 2476 1443
1224 2416 1490 2480 ‚reqna
1534 2394 1840 2480 paradysi
1887 2395 2258 2480 possidebat
2299 2399 2531 2460 mente‘
2575 2392 2766 2475 Greg.
2805 2392 2937 2457 hist.

496 2520 500 2524 ⁷
590 2497 817 2588 Franc.
860 2495 919 2572 2,
962 2495 1031 2575 2;
1104 2494 1207 2572 ,ad
1274 2494 1527 2584 siderea
1591 2515 1793 2579 regna
1853 2499 2184 2564 translato‘
2249 2496 2394 2561 Vita
2436 2495 2502 2560 S.
2545 2489 2939 2558 Convvoionis

592 2595 843 2661 abbatis
887 2596 1226 2661 Rotonens.
1278 2597 1473 2679 Bouq.
1516 2598 1576 2678 7,
1618 2597 1769 2678 3763
1841 2598 1924 2677 ,in
1984 2597 2287 2663 caelestia
2325 2596 2533 2680 rigna‘
2581 2592 2697 2660 Ch.
2741 2593 2945 2658 Theo·

590 2695 827 2763 derieh.
856 2697 946 2762 IV
990 2697 1289 2764 Francor.
1334 2698 1505 2782 regis
1532 2718 1590 2764 a.
1618 2698 1741 2766 723
1786 2698 1984 2780 Bouq.
2012 2700 2071 2782 4,
2116 2698 2239 2766 ’702
2285 2697 2363 2778 03
2413 2695 2517 2778 ,ad
2560 2713 2760 2778 regna
2803 2712 2944 2758 cae·

589 2797 778 2864 lestia
820 2796 1136 2880 migravit‘
1180 2798 1358 2863 Paul.
1400 2799 1548 2865 hist.
1592 2797 1794 2882 Long.
1840 2799 1898 2879 6,
1943 2799 1983 2867 6
2027 2807 2144 2865 etc.

756 2897 884 2964 Sed
920 2898 1290 2982 jamredeo
1334 2898 1417 2965 ad
1476 2904 1722 2964 veteres
1782 2905 2070 2984 poetas
2125 2901 2550 2980 Romanos,
2613 2904 2681 2962 ut
2745 2893 2947 2979 expli-

592 3019 757 3083 cem,
820 3005 1117 3083 quantum
1163 2999 1433 3065 faverint
1486 2999 1718 3084 plurali
1773 3000 2306 3066 substantivorum
2350 2999 2603 3084 gene-ris
2645 2997 2946 3063 neutrius,

592 3101 795 3180 Quod.
821 3106 1030 3165 autem
1074 3101 1138 3164 in
1182 3101 1542 3182 vocabulis,
1587 3120 1752 3184 quae
1796 3101 2325 3181 commemorabo,
2367 3100 2670 3166 nonnulla
2712 3098 2947 3179 insunt,

590 3222 752 3285 quae
796 3207 1020 3285 postea
1062 3221 1187 3267 non
1236 3201 1317 3267 ad
1360 3222 1562 3287 genus
1606 3201 1974 3268 femininum
2028 3211 2174 3270 sunt
2227 3203 2504 3283 detorta,
2561 3200 2628 3265 id
2673 3221 2750 3266 eo
2794 3198 2945 3265 mihi

591 3303 837 3368 videtur
880 3302 1170 3369 excusari
1212 3323 1424 3388 posse,
1469 3305 1619 3388 quia
1664 3324 1803 3370 cum
1843 3323 1946 3370 res
1989 3305 2131 3391 ipsa
2173 3303 2329 3369 satis
2375 3303 2571 3386 digna
2615 3309 2726 3376 est,
2783 3319 2947 3384 quae

590 3404 961 3481 illustretur,
1017 3410 1146 3469 tum
1196 3425 1273 3468 ea
1316 3405 1469 3470 mihi
1513 3405 1841 3470 afferenda
1882 3414 2027 3471 sunt
2068 3404 2391 3493 exempla,
2451 3423 2486 3468 e
2527 3403 2753 3486 quibus
2800 3421 2945 3467 con-

592 3503 857 3570 suetudo
900 3503 1013 3569 illa
1059 3511 1383 3591 poetarum
1432 3507 1669 3590 optime
1712 3505 2148 3592 perspiciatur.
2237 3505 2316 3569 Et
2358 3502 2568 3569 allatis
2614 3501 2807 3588 supra
2847 3501 2948 3584 iis,

592 3624 755 3688 quae
799 3600 1012 3689 prisea
1056 3613 1265 3672 aetate
1307 3605 1548 3672 Ennius
1594 3607 1821 3691 posuit,
1855 3607 1994 3690 jam
2039 3627 2136 3684 ea,
2184 3625 2348 3688 quae
2395 3625 2430 3670 e
2474 3604 2700 3671 ceteris
2744 3601 2949 3688 poetis

592 3706 913 3791 excerpsi,
980 3707 1381 3772 enumerabo.
1474 3706 1630 3773 Cum
1671 3729 1823 3774 vero
1867 3708 2124 3792 longum
2168 3706 2273 3787 sit,
2341 3724 2557 3772 omnes
2610 3706 2786 3771 locos
2842 3703 2948 3787 qui

590 3808 715 3874 huo
742 3807 1059 3892 pertinent
1096 3806 1478 3888 adscribere,
1525 3827 1633 3873 eos
1679 3809 1932 3892 eligam,
1980 3808 2144 3874 unde
2188 3808 2500 3894 pluralem
2544 3806 2725 3872 metri
2754 3824 2950 3872 causa

591 3909 743 3992 poni
784 3909 992 3974 solere
1036 3907 1336 3973 facillime
1380 3916 1817 3992 cognoscatur.

757 4009 851 4074 Ac
892 4007 1160 4092 primum
1208 4007 1459 4090 quidem
1504 4029 1581 4074 ea
1624 4010 1921 4095 colligam
1967 4014 2206 4090 neutra,
2252 4027 2512 4094 quorum
2555 4027 2740 4072 oasus
2772 4005 2947 4089 recti,

591 4109 715 4175 nisi
760 4115 868 4175 aut
899 4109 1133 4194 plurali
1160 4107 1386 4193 posito,
1431 4117 1539 4176 aut
1579 4118 1904 4196 postrema
1945 4109 2196 4194 syllaba
2236 4109 2413 4190 elisa,
2457 4107 2666 4174 versui
2690 4107 2947 4173 heroico

592 4211 785 4278 inseri
848 4230 974 4276 non
1041 4215 1321 4295 possunt.
1407 4210 1637 4277 Ordior
1695 4212 1777 4277 ab
1833 4210 1912 4276 iis
1967 4211 2192 4293 quibus
2256 4209 2413 4295 ipsis
2480 4209 2772 4293 dactylus
2841 4227 2945 4272 ex·

592 4312 813 4396 pletur.

758 4409 1053 4476 Nubila
1096 4411 1341 4496 plurale
1384 4416 1622 4476 tantum
1668 4410 2044 4497 saepissime
2089 4410 2269 4478 Lucr.
2313 4411 2504 4493 Verg.
2536 4409 2652 4476 Ov.
2684 4408 2823 4474 Val.
2853 4408 2946 4474 Fl.

594 4513 859 4592 Auson.;
905 4510 1073 4601 quod
1116 4511 1195 4580 de
1238 4510 1632 4584 multitudiue
1673 4511 1930 4583 nubium
1960 4511 2194 4578 dietum
2221 4516 2542 4601 postremo
2569 4517 2636 4578 ut
2666 4516 2949 4596 nostrum
