3300 5042
1445 365 1819 431 ...γ-ψ

450 546 888 624 excerptorum
931 540 1012 607 de
1069 540 1354 621 nomine,
1419 564 1586 627 quae
1629 545 1823 611 Probi
1877 546 2133 612 nomine
2186 547 2425 613 tradita
2477 554 2655 630 sunt,
2712 568 2817 633 ap.

449 639 612 706 Keil.
657 642 718 722 4,
761 640 890 707 280
929 661 1047 725 sq„
1093 642 1470 711 Consentius
1511 646 1578 711 in
1620 649 1773 713 Arte
1818 666 1922 733 ap.
1966 646 2131 713 Keil.
2176 649 2238 727 5,
2282 648 2427 727 345,
2474 651 2556 716 10
2596 669 2693 732 sq.

611 741 850 807 Postea
889 749 1112 825 gentes
1144 744 1476 828 barbarae,
1519 747 1585 812 in
1616 748 1979 832 provincias
2009 748 2256 832 imperii
2287 748 2555 813 Romani
2599 748 2816 815 irrum-

445 848 700 923 pentes,
743 842 1063 925 linguam,
1119 864 1306 927 quam
1355 865 1644 913 sermone
1690 848 2011 914 cotidiano
2056 848 2462 913 vehementer
2505 850 2816 915 detortam

449 950 924 1023 cognoverant,
955 947 1166 1027 magis
1209 946 1400 1011 etiam
1443 956 1874 1032 corruperunt.
1948 948 2029 1013 Et
2071 948 2325 1031 generis
2368 949 2621 1031 quidem
2670 969 2818 1014 cou-

451 1041 656 1107 versio
696 1042 872 1126 prius
915 1042 980 1108 in
1026 1046 1308 1127 Gallia1)
1353 1051 1418 1111 et
1458 1046 1672 1127 Italia,
1710 1040 1944 1132 'postea
1986 1050 2050 1115 in
2094 1047 2413 1133 Hispania
2453 1050 2815 1133 increbruit,

448 1161 826 1224 quamquam
875 1142 1014 1226 jam
1061 1144 1346 1211 Isidorus
1402 1148 1711 1213 nonnulla
1762 1149 1900 1214 eius
1957 1150 2251 1232 exempla
2304 1150 2587 1234 praebet.
2675 1150 2815 1228 Quo

445 1243 882 1307 vehementius
937 1264 1104 1309 nono
1163 1248 1420 1312 saeculo
1478 1254 1542 1312 et
1597 1249 2007 1331 sequentibus
2068 1250 2151 1314 ab
2194 1250 2499 1333 Hispanis
2550 1250 2818 1315 confusa

445 1348 592 1407 sunt
633 1362 906 1427 genera3
953 1346 1102 1429 quin
1147 1346 1326 1430 ipsos
1371 1348 1712 1433 episcopos
1745 1349 2207 1432 Hispanienses
2250 1349 2373 1415 hae
2417 1356 2645 1431 aetate,
2691 1370 2817 1433 qua

445 1442 862 1509 ecclesiastici
908 1444 1268 1522 Gallorum,
1315 1448 1775 1514 Germanorum
1794 1496 1811 1531 ‚
1855 1450 2157 1515 Italorum
2212 1469 2339 1515 non
2397 1451 2661 1516 multum
2708 1450 2817 1517 de-

448 1551 714 1628 pravato
759 1544 1094 1610 utebantur
1137 1566 1427 1616 sermone
1472 1548 1733 1630 Latino,
1792 1567 1917 1614 non
1970 1549 2131 1615 bene
2187 1549 2467 1616 eruditos
2511 1550 2708 1616 fuisse
2750 1551 2815 1616 in

447 1646 668 1729 lingua
711 1644 941 1709 Latina
986 1666 1066 1711 ex
1109 1647 1502 1715 documentis
1546 1649 1611 1713 in
1656 1649 1919 1734 Espasia
1960 1649 2257 1733 Sagrada
2306 1651 2592 1717 collectis
2638 1650 2817 1715 facil-

446 1746 594 1812 lime
637 1746 1059 1829 cognoscitur.
1980 1779 1986 1787 =

611 1846 750 1912 Hoc
778 1847 991 1911 statim
1019 1849 1161 1912 loco
1197 1866 1445 1929 moneo,
1475 1868 1614 1913 cum
1639 1850 1703 1914 in
1732 1848 2063 1915 vocibus
2090 1870 2179 1915 ex
2207 1848 2480 1933 lingua
2502 1850 2818 1916 Graeca

446 1945 825 2028 adscitis,
869 1954 1000 2012 tum
1028 1946 1215 2026 iniis,
1243 1967 1406 2031 quae
1437 1950 1712 2015 maxime
1736 1950 1799 2013 in
1831 1970 1941 2015 ore
1964 1949 2454 2016 rusticorum
2485 1948 2815 2031 florebant,

445 2046 822 2132 saepissime
844 2047 985 2129 jam
1023 2048 1300 2131 antiquis
1329 2050 1719 2132 temporibus
1755 2070 1957 2133 genus
1990 2050 2355 2115 fluctuasse.
2423 2051 2817 2115 Documento

445 2147 597 2225 sint,
655 2166 818 2230 quae
864 2167 992 2212 non
1035 2167 1161 2214 uno
1204 2149 1346 2214 loco
1388 2150 1817 2233 reperiuntur:
1876 2170 2065 2231 arva,
2125 2149 2423 2233 praedia,
2480 2150 2815 2231 territoria,

447 2254 650 2331 prata,
695 2247 914 2328 funda,
958 2247 1254 2330 fundora,
1298 2249 1550 2330 tribula,
1597 2250 1776 2331 retia,
1824 2270 2005 2334 rapa,
2049 2255 2539 2333 arater,·opera‚
2571 2249 2818 2333 faenus,

446 2354 781 2432 praeterea
822 2368 1069 2428 caseus,
1114 2368 1344 2432 ganea,
1387 2348 1516 2431 fila,
1563 2352 1799 2434 caelus,
1844 2352 2193 2435 sepulcr-us,
2238 2369 2424 2431 nova,
2469 2352 2813 2416 matellum.

447 2447 631 2513 Adde
672 2448 957 2515 membra
999 2449 1284 2541 corporis
1327 2449 1408 2515 de
1443 2449 1673 2531 quibus
1712 2450 1883 2516 iufra
1914 2451 2250 2517 dicendum
2294 2450 2429 2517 erit.
2498 2450 2685 2527 Quod
2732 2449 2817 2515 ad

447 2549 764 2614 vocabula
805 2569 884 2615 ex
929 2549 1152 2633 lingua
1194 2550 1444 2615 Graeca
1485 2550 1867 2635 deprompta
1912 2550 2154 2633 attinet,
2198 2558 2423 2617 neutra
2464 2549 2528 2614 in
2570 2576 2665 2633 μοι
2708 2550 2817 2615 de-

447 2646 724 2715 sinentia
777 2656 840 2713 et
893 2651 1092 2715 multa
1141 2650 1388 2714 urbium
1447 2652 1709 2716 nomina
1763 2651 2039 2735 pluralia
2100 2650 2355 2733 generis
2416 2651 2699 2717 neutrius
2752 2650 2819 2715 in

447 2749 754 2815 feminina
801 2768 944 2817 esse
1001 2768 1339 2829 conversa,
1395 2749 1594 2816 multa
1648 2750 1955 2817 feminina
2012 2755 2075 2817 in
2120 2752 2176 2816 is
2223 2752 2520 2817 exeuntia
2563 2751 2645 2816 ad
2691 2750 2817 2834 pri-

591 2957 656 3023 1)
701 2954 978 3023 Inspicias
1024 2956 1370 3025 prooemium
1412 2968 1448 3009 a
1494 2954 1851 3025 Gregorio
1886 2954 2295 3011 Turonensi
2343 2954 2486 3011 libro
2524 2955 2817 3009 Miraculo-

449 3060 566 3099 rum
589 3046 640 3102 7.
679 3044 822 3113 (sive
859 3043 931 3099 de
967 3044 1152 3114 gloria
1187 3042 1594 3113 confessorum)
1619 3044 1994 3112 antepositum
2026 3046 2139 3112 (ap.
2175 3042 2243 3098 Η.
2280 3042 2341 3097 L.
2379 3042 2613 3100 Bordier
2649 3044 2821 3113 Greg.

449 3132 576 3189 Tur.
611 3131 736 3191 libri
773 3134 959 3187 mirac.
999 3134 1224 3202 aliaque
1260 3148 1436 3202 opera
1473 3132 1703 3197 minora,
1740 3132 1917 3187 Tome
1940 3133 2008 3187 II.
2047 3132 2223 3187 Paris.
2248 3132 2417 3198 1860,
2454 3148 2508 3201 p.
2528 3133 2817 3201 339—41),

447 3220 545 3275 ubi
581 3223 918 3291 episcopus,
971 3222 1064 3291 qui
1101 3222 1221 3277 sine
1259 3219 1428 3276 dubio
1485 3221 1633 3275 inter
1682 3220 1951 3290 aequales
2001 3221 2260 3275 doctrina
2306 3220 2654 3287 excellebat,
2712 3224 2821 3277 hoc

447 3308 614 3365 modo
651 3310 928 3379 queritur:
992 3310 1232 3379 ,Timeo,
1267 3326 1338 3366 ne
1376 3325 1498 3373 cum
1535 3308 1782 3365 scribere
1820 3324 2091 3377 coepero,
2132 3309 2265 3379 quia
2300 3325 2421 3364 sum
2462 3310 2581 3365 sine
2619 3309 2821 3365 litteris

448 3397 740 3453 rhetoricis
778 3406 836 3453 et
873 3404 994 3455 arte
1029 3398 1412 3469 grammatica,
1453 3397 1609 3452 dicat
1645 3395 1777 3451 mihi
1814 3397 2045 3469 aliquis:
2086 3440 2097 3453 .
2128 3438 2142 3453 .
2174 3439 2187 3454 .
2226 3413 2369 3465 opus
2407 3398 2515 3453 hoc
2549 3414 2588 3453 a
2624 3397 2821 3469 peritis

448 3488 629 3557 accipi
651 3493 837 3558 putas,
875 3488 965 3542 cui
995 3486 1276 3556 ingenium
1300 3486 1441 3543 artis
1465 3502 1577 3543 non
1603 3486 1945 3556 suppeditat,
1985 3502 2090 3542 nec
2114 3486 2230 3541 ulla
2252 3482 2561 3543 litterarum
2587 3486 2822 3543 scientia

446 3574 868 3632 subministrat?
920 3576 1016 3645 qui
1050 3575 1258 3631 nullum
1295 3582 1681 3645 argumentum
1718 3574 1855 3631 utile
1889 3576 1947 3629 in
1986 3574 2183 3631 litteris
2219 3575 2427 3644 habes,
2466 3575 2561 3643 qui
2597 3575 2822 3629 nomina

449 3664 766 3720 discernere
803 3665 1014 3731 nescis3
1053 3664 1284 3732 saepius
1322 3680 1423 3732 pro
1461 3664 1785 3719 masculinis
1812 3662 2069 3731 feminea,
2107 3678 2211 3733 pro
2246 3662 2499 3719 femineis
2532 3670 2731 3717 neutra
2764 3668 2822 3718 et

447 3768 549 3822 pro
588 3752 798 3809 neutris
835 3752 1140 3807 masculina
1179 3758 1513 3821 commutas,
1551 3754 1646 3823 qui
1684 3754 1841 3821 ipsas
1878 3768 2103 3823 quoque
2159 3752 2637 3823 praepositiones,
2679 3765 2821 3820 quas

446 3842 716 3899 nobilium
753 3842 1087 3897 dictatorum
1131 3840 1423 3897 observari
1459 3842 1646 3897 sanxit
1694 3843 2032 3909 auctoritas,
2092 3842 2217 3897 loco
2268 3841 2459 3899 debito
2497 3840 2821 3909 plerumque

448 3946 561 3987 nou
598 3931 774 3987 locas.
847 3931 984 3986 Nam
1023 3946 1126 3999 pro
1163 3928 1430 3985 ablativis
1469 3930 1798 3985 accusativa
1835 3937 1895 3985 et
1935 3947 2149 3987 rursum
2188 3946 2289 3999 pro
2342 3928 2685 3984 accusativis
2722 3927 2819 3982 aba

447 4019 624 4075 lativa
659 4018 838 4089 ponis.
897 4021 1144 4075 Putasne
1179 4017 1476 4084 videbitur,
1512 4024 1576 4073 ut
1610 4017 1717 4074 bos
1756 4018 1921 4089 piger
1955 4020 2272 4091 palaestrae
2311 4018 2497 4073 ludum
2537 4022 2818 4085 exerceat,

449 4114 548 4163 aut
587 4108 778 4163 asinus
817 4108 1010 4178 segnis
1044 4109 1189 4163 inter
1218 4105 1652 4177 sphaeristarum
1683 4106 1932 4163 ordinem
1972 4108 2139 4163 celeri
2175 4107 2373 4163 volatu
2403 4108 2729 4162 discurrat?‘
2752 4138 2819 4147 --

447 4192 684 4252 Aduoto
722 4204 928 4265 tamen,
968 4196 1295 4267 Gregorium
1321 4196 1432 4265 qui,
1469 4196 1823 4266 ignorantiae
1858 4196 1967 4251 sibi
2006 4195 2281 4258 conscius.
2320 4211 2561 4267 operam⁴
2589 4196 2819 4263 dederit,

448 4302 520 4342 ne
545 4302 758 4356 genera
783 4292 1164 4351 commutaret,
1202 4301 1306 4356 pro
1334 4284 1596 4341 librorum
1621 4286 1787 4357 copia
1818 4301 1929 4340 non
1965 4287 2045 4339 ita
2071 4284 2275 4339 multos
2302 4284 2578 4341 eiusmodi
2608 4300 2821 4340 errores

446 4376 826 4443 commisisse,
863 4390 1228 4445 quamquam,
1285 4382 1346 4430 ut
1381 4376 1647 4429 nonnulla
1680 4374 1937 4439 afferam,
1978 4380 2177 4444 sputus
2209 4388 2379 4429 masc.
2418 4372 2634 4440 albula,
2674 4387 2820 4429 cam·

447 4478 675 4544 panea,
707 4464 979 4534 claustra,
1018 4463 1244 4531 horrea,
1281 4464 1526 4535 sabana,
1566 4464 1741 4534 vitra,
1784 4462 2137 4535 cataplasma
2176 4461 2305 4518 fem.
2346 4462 2553 4534 posuit.
