3300 5042
1275 1129 1803 1227 Index.

522 1358 754 1424 Paucis
821 1359 974 1426 mihi
1039 1361 1231 1426 liceat
1286 1379 1635 1444 exponere,
1710 1382 1902 1445 quam
1955 1364 2020 1428 in
2065 1364 2188 1430 hoc
2227 1365 2436 1432 indice
2471 1386 2722 1450 compo-

348 1458 568 1523 nendo
612 1467 865 1526 secutus
908 1461 1027 1525 sim
1071 1465 1401 1526 rationem.
1486 1461 1869 1530 Enumeravi
1917 1463 2128 1546 igitur,
2173 1466 2334 1531 siout
2376 1465 2526 1530 mihi
2573 1486 2722 1552 pro-

346 1558 631 1642 positum
699 1566 823 1638 est,
898 1569 1193 1626 neutra
1256 1561 1332 1625 in
1404 1561 1801 1626 feminina
1869 1569 1944 1628 et
2007 1565 2460 1630 masculina
2533 1585 2723 1631 con-

346 1676 625 1740 versa3
699 1658 844 1741 sed,
913 1668 981 1724 ut
1045 1667 1181 1724 tota
1250 1661 1505 1744 generis
1570 1661 1850 1726 neutrius
1896 1681 2034 1727 oum
2079 1662 2337 1746 reliquis
2380 1667 2722 1748 generibus

348 1765 847 1840 cognosceretur
889 1761 1324 1842 commutatio,
1380 1778 1642 1824 neeesse
1687 1767 1854 1844 erat,
1925 1769 1993 1827 ut
2035 1762 2160 1826 illis
2207 1762 2602 1829 feminina
2647 1771 2722 1830 et

347 1859 831 1937 masculina,
877 1879 1083 1942 quae
1128 1867 1411 1925 neutra
1454 1861 1674 1925 facta
1718 1867 1935 1943 sunt,
1979 1861 2446 1945 subiungerem.
2531 1865 2720 1929 Ter-

347 1956 521 2023 tiae
566 1965 774 2024 autem
817 1959 1409 2026 declinationis
1454 1963 1826 2045 exempla
1871 1980 1912 2025 a
1954 1967 2304 2028 ceterarum
2349 1964 2718 2030 declinatio·

346 2077 501 2122 num
566 2058 897 2122 vocabulis
956 2060 1377 2145 separavi,
1448 2080 1612 2143 quae
1656 2060 2014 2145 promiscue
2058 2063 2453 2144 enumeravi,
2510 2084 2590 2130 ne
2654 2065 2718 2128 in

345 2156 541 2222 nimis
588 2157 819 2223 multos
861 2155 1201 2224 laterculos
1244 2159 1516 2224 indicem
1560 2160 1884 2244 dispertiri
1926 2179 2224 2244 cogerer.

519 2258 614 2321 Ac
668 2277 748 2322 ne
802 2258 1005 2322 omnis
1064 2264 1511 2344 temporum
1570 2259 1890 2325 distinctio
1935 2263 2295 2342 tolleretur,
2360 2263 2424 2326 in
2494 2269 2718 2344 qnat-

345 2355 856 2442 tuordistribui
903 2357 1199 2442 exempla
1239 2366 1536 2442 partes.
1620 2359 1786 2424 Nam
1831 2380 1911 2425 ne
1955 2361 2170 2426 omnia
2211 2359 2555 2426 secundum
2588 2381 2718 2427 cer-

344 2462 481 2521 tam
527 2477 833 2522 annorum
877 2457 1103 2522 seriem
1150 2477 1628 2544 componerem,
1672 2478 1750 2523 eo
1792 2460 2148 2543 prohibitus
2191 2481 2363 2544 sum,
2406 2461 2608 2545 quod,
2652 2460 2718 2525 id

350 2555 526 2638 quod
572 2556 760 2621 etiam
809 2563 1000 2639 atque
1044 2559 1235 2622 etiam
1278 2558 1431 2622 mihi
1476 2559 1855 2623 monendum
1902 2566 2033 2643 est,
2101 2559 2239 2624 fieri
2304 2580 2431 2625 non
2491 2561 2716 2644 potuit,

349 2664 421 2724 ut
486 2658 717 2740 ubique
778 2658 1051 2741 primum
1116 2659 1481 2724 commutati
1537 2657 1792 2741 generis
1838 2659 2199 2743 exemplum
2241 2658 2714 2743 investigarem.

352 2757 541 2835 Quod
585 2778 661 2823 eo
705 2758 913 2840 magis
958 2758 1112 2822 mihi
1156 2757 1402 2823 videtur
1446 2758 1901 2841 excusandum,
1979 2759 2148 2840 quod
2212 2759 2274 2824 in
2336 2760 2528 2825 medii
2573 2759 2715 2826 aevi

354 2857 627 2942 seriptis,
672 2876 835 2940 quae
880 2863 1027 2921 ante
1070 2857 1285 2923 omnia
1328 2857 1482 2922 mihi
1522 2858 1952 2942 perquirenda
1995 2864 2196 2940 erant,
2242 2859 2489 2923 nonita
2519 2859 2718 2924 multa

356 2957 679 3040 leguntur,
748 2976 913 3040 quae
980 2957 1103 3022 huo
1158 2964 1304 3022 sunt
1346 2956 1702 3023 referenda.
1793 2957 2075 3040 Cumque
2130 2957 2309 3023 initio
2342 2961 2715 3043 plerumque

356 3057 510 3122 mihi
564 3057 849 3140 ignotum
906 3066 1105 3139 esset,
1159 3076 1321 3139 quae
1366 3056 1536 3121 illius
1585 3057 1814 3123 aetatis
1856 3057 2235 3123 documenta
2267 3058 2542 3124 sermoni
2582 3057 2716 3123 vul-

352 3158 496 3240 gari
538 3165 670 3222 tam
714 3163 927 3222 essent
971 3156 1478 3238 accommodata,
1524 3163 1591 3221 ut
1633 3157 1942 3222 eiusmodi
1988 3157 2348 3223 soloecismi
2394 3160 2457 3224 in
2500 3159 2580 3224 iis
2621 3177 2717 3226 re·

351 3256 729 3341 perirentur,
770 3277 1006 3340 magna
1041 3276 1486 3338 nonnunquam
1516 3256 1841 3321 volumina
1865 3255 2022 3320 mihi
2057 3263 2238 3321 erant
2258 3258 2715 3342 pervolvendo„

348 3363 421 3421 ut
462 3357 764 3422 nonnulla
810 3357 1175 3441 colligerem
1220 3357 1531 3440 exempla.

517 3455 731 3522 Primo
773 3456 966 3540 igitur
1007 3459 1149 3523 loco
1191 3457 1257 3522 in
1300 3454 1569 3538 singulis
1610 3455 1936 3540 partibus,
1981 3455 2327 3520 secundum
2368 3473 2610 3540 genera
2651 3463 2714 3524 et

349 3556 810 3622 declinationes
874 3557 1277 3642 compositis,
1344 3555 1526 3620 attuli
1592 3555 1886 3639 exempla
1942 3555 2270 3639 priscae
2332 3554 2713 3639 Latinitatis,

348 3656 582 3723 deinde
636 3675 935 3722 aureae
979 3675 1167 3739 quam
1209 3675 1547 3736 vocamus,
1614 3676 1779 3738 quae
1823 3675 1864 3719 a
1905 3655 2191 3720 Varrone
2236 3674 2435 3738 usque
2477 3653 2560 3720 ad
2604 3674 2711 3721 ex-

347 3775 599 3823 cessum
663 3756 813 3821 Divi
859 3757 1127 3839 Augusti
1168 3757 1471 3840 pertinet,
1515 3762 1668 3840 post
1710 3764 2154 3838 argenteae
2198 3761 2269 3819 et
2308 3753 2710 3839 posterio-

345 3855 499 3933 ris,
541 3856 887 3941 praecipue
932 3855 1503 3922 ecclesiasticorum
1548 3875 1747 3938 usque
1792 3857 1872 3920 ad
1917 3856 2103 3920 finem
2147 3854 2311 3920 sexti
2352 3859 2500 3939 post
2532 3853 2710 3919 Chri-

346 3963 516 4024 stum
558 3963 777 4022 natum
820 3957 1077 4039 saeculi,
1122 3962 1438 4038 postremo
1482 3955 1722 4022 medii
1767 3956 1970 4044 aevi,
2020 3954 2190 4037 quod
2235 3973 2373 4037 ego
2400 3953 2538 4037 ipse
2582 3973 2708 4019 non

346 4059 519 4124 ultra
561 4058 884 4124 saeculum
929 4055 1367 4140 duodecimum
1411 4061 1846 4141 perscrutatus
1890 4075 2050 4136 sum,
2095 4054 2208 4119 sed
2251 4073 2460 4138 pauca
2499 4060 2709 4139 poste-

347 4157 523 4224 riora
550 4176 631 4222 ex
656 4157 903 4240 Gangio
928 4157 1305 4243 deprompta
1338 4154 1577 4221 addidi.
1642 4155 1779 4220 Ins
1799 4154 2244 4237 criptiones
2278 4161 2506 4237 autem,
2553 4174 2707 4237 qua·

347 4277 488 4326 rum
532 4262 713 4324 aetas
754 4276 874 4342 pro
916 4264 1086 4322 certo
1132 4255 1452 4342 explorari
1494 4274 1621 4320 non
1663 4260 1906 4340 potest,
1963 4253 2190 4318 tertiae
2238 4255 2406 4338 parti
2449 4255 2708 4335 inserui,

348 4378 492 4426 cum
521 4357 650 4424 illis
672 4357 1061 4442 temporibus
1102 4359 1443 4443 plerasque
1486 4375 1627 4424 esse
1677 4355 2062 4440 compositas
2107 4361 2467 4438 appareret.
2524 4355 2710 4434 Quod

401 4460 581 4512 Appel
597 4489 609 4512 ,
637 4459 693 4499 de
720 4464 878 4501 neutro
904 4461 1169 4506 intereunte,
2247 4455 2288 4520 4
2711 4487 2716 4492 .
