3300 5042
1376 383 1788 450 „19-

326 576 334 582 ·
402 564 569 644 diis‘,
611 562 945 629 Terentius
986 563 1109 632 Ad.
1152 564 1211 643 5,
1254 564 1315 645 4,
1358 564 1442 632 22
1495 563 1836 643 ‚miseriam
1882 584 2129 632 omnem
2187 586 2309 650 ego
2373 567 2562 653 capio
2577 617 2593 649 ,
2666 566 2768 633 hic

402 663 641 750 potitur
682 665 966 749 qaudia‘.

570 763 738 830 Fieri
783 784 909 830 non
953 763 1174 849 potuit,
1231 765 1379 846 quin
1440 763 1828 830 consuetudo
1883 765 1995 831 illa
2051 765 2137 830 ad
2189 765 2383 834 medii
2444 767 2586 834 aevi
2630 788 2766 834 car·

404 865 579 932 mina
637 872 1133 951 propagaretur,
1202 871 1265 930 et
1306 865 1535 948 legitur
1578 885 1647 930 re
1692 885 1843 931 vera
1901 865 2182 950 ,gaudia‘
2243 867 2517 951 exempli
2573 888 2769 934 causa

406 965 617 1032 sexies
682 967 747 1031 in
806 964 1097 1032 versibus
1157 965 1239 1030 ab
1284 965 1674 1049 Angelberto
1732 965 1810 1031 de
1869 967 2141 1052 Pippino
2194 967 2421 1034 Italiae
2466 988 2618 1052 rege
2662 989 2766 1034 ex-

411 1071 591 1132 eunte
634 1066 893 1134 saeculo
936 1072 1164 1134 octavo
1222 1066 1547 1134 confectis
1632 1067 1804 1132 Mon.
1850 1069 2059 1134 Germ.
2105 1069 2341 1135 Poetae
2390 1068 2570 1135 latini
2625 1069 2768 1136 aevi

411 1165 687 1233 Carolini
729 1187 853 1234 rec.
900 1168 1223 1234 Dummler
1266 1169 1315 1232 I.
1361 1189 1424 1253 p.
1456 1167 1806 1236 358-2—360.

572 1267 753 1333 Adde
797 1267 966 1351 quod
1010 1268 1233 1334 eodem
1270 1269 1620 1346 vocabule,
1688 1268 1884 1356 quod,
1951 1268 2004 1332 si
2062 1269 2400 1338 recesseris
2455 1289 2495 1334 a
2549 1271 2770 1355 paucis

404 1367 601 1450 lociS,
642 1368 877 1451 ubique
924 1388 1183 1438 numero
1225 1369 1456 1453 plurali
1500 1371 1778 1455 positum
1821 1377 1947 1452 est,
2009 1369 2350 1436 Christiani
2393 1371 2477 1435 ab
2519 1371 2771 1438 ineunte

403 1470 616 1535 medio
675 1489 837 1535 aevo
903 1468 1332 1553 compluribus
1394 1471 1680 1536 formulis
1743 1473 2118 1558 saepissime
2161 1471 2404 1536 iteratis
2448 1478 2770 1537 aeternam

407 1570 683 1638 fidelium
740 1569 1141 1650 felicitatem,
1219 1589 1382 1652 quae
1446 1571 1509 1636 in
1573 1571 1850 1656 Vulgata
1913 1593 2164 1658 semper
2217 1570 2564 1656 ,gaudium‘
2607 1565 2769 1655 sing.

411 1670 669 1752 dicitur,
712 1670 1183 1756 exprimebant,
1229 1671 1397 1752 quod
1442 1692 1523 1737 ea
1564 1673 1803 1756 gaudia
1846 1675 2073 1755 multa,
2131 1692 2406 1754 summa,
2463 1679 2773 1758 perpetua

408 1791 550 1838 esse
594 1771 957 1838 credebant.
1030 1770 1207 1847 Quae
1251 1771 1559 1840 formulae
1604 1794 1743 1839 cum
1791 1775 2161 1858 saepissime
2189 1779 2640 1859 repeterentur,
2689 1773 2772 1837 ad

402 1872 506 1955 id,
549 1884 618 1938 ut
661 1873 1039 1937 vocabulum
1087 1873 1149 1937 in
1194 1873 1563 1941 femininum
1607 1875 1924 1954 transiret,
1973 1874 2141 1939 haud
2186 1874 2368 1958 parvi
2415 1880 2596 1938 erant
2639 1894 2768 1939 mo·

404 1975 621 2044 menti.
709 1972 1054 2042 Videamus
1100 1993 1307 2056 pauca
1352 1977 1647 2060 exempla
1705 1997 1739 2042 e
1781 1975 2070 2062 plurimis
2117 1976 2339 2042 electa.
2428 1975 2772 2058 Gregorius

409 2075 678 2158 Magnus
743 2094 801 2140 a.
846 2076 969 2143 593
1035 2075 1099 2139 in
1164 2075 1437 2160 epistola
1500 2095 1603 2160 ap.
1667 2078 1959 2160 Bouquet
2000 2077 2059 2158 4,
2113 2076 2185 2142 12
2235 2075 2483 2142 scribit:
2552 2083 2642 2156 ,ut
2681 2077 2770 2142 vi-

410 2182 537 2241 tam
590 2182 873 2242 nostram
938 2175 1022 2244 ad
1086 2176 1383 2240 sublimia
1445 2178 1839 2243 aeternitatis
1895 2179 2138 2264 qaudia
2201 2177 2539 2244 extendat‘.
2619 2176 2772 2244 Sae-

410 2277 669 2363 pissime
746 2276 955 2342 medio
1034 2297 1195 2343 aevo
1264 2278 1507 2363 qaudia
1572 2277 1636 2342 in
1711 2277 2117 2346 donationum
2205 2279 2442 2346 chartis
2519 2278 2770 2364 legitur,

407 2378 515 2446 ubi
559 2377 807 2458 dicitur,
872 2398 1013 2445 eum
1073 2379 1179 2462 qui
1245 2378 1484 2460 aliquid
1554 2378 1747 2444 donet
1800 2379 2124 2447 beneficiis
2185 2381 2494 2449 ecclesiae
2540 2387 2600 2445 et
2641 2399 2771 2445 mo-

407 2479 702 2545 nasteriis
745 2477 1009 2546 redditis
1054 2478 1135 2544 ad
1180 2479 1419 2564 gaudia
1453 2485 1714 2544 aeterna
1745 2500 1813 2545 se
1848 2486 2292 2565 perventurum
2318 2501 2465 2547 esse
2489 2501 2768 2567 sperare.

407 2582 595 2647 Velut
649 2581 713 2646 in
772 2580 995 2645 charta
1038 2579 1390 2664 Dagoberti
1450 2580 1620 2662 regis
1687 2601 1746 2646 a.
1794 2581 1914 2649 632
1970 2583 2167 2665 Bouq.
2211 2583 2285 2663 4,
2329 2582 2453 2650 628
2517 2581 2770 2664 ,locrari

405 2683 648 2769 qaudia
686 2681 1116 2767 sempiterna‘,
1164 2681 1227 2748 in
1272 2682 1494 2746 eharta
1539 2681 1822 2750 ciusdem
1857 2702 1961 2766 ap.
1990 2683 2283 2748 Pardess.
2312 2682 2371 2762 2,
2408 2683 2531 2754 279
2563 2703 2621 2748 a.
2647 2683 2770 2751 639

408 2783 556 2848 huic
621 2782 1000 2848 contrarium
1071 2783 1368 2866 ,fugitiva
1426 2783 1669 2868 qaudia
1727 2783 1999 2864 lucrari‘,
2076 2782 2156 2848 cf.
2223 2782 2410 2848 Pard.
2479 2784 2548 2867 2,
2613 2785 2768 2864 2743

408 2891 740 2966 utrumque
778 2885 1063 2967 junctum
1109 2890 1205 2948 est
1245 2882 1436 2948 Pard.
1481 2883 1540 2966 2,
1585 2884 1712 2950 544
1753 2903 1809 2949 a.
1855 2883 1979 2953 728
2033 2882 2133 2960 ,de
2185 2885 2441 2969 qaudiis
2487 2884 2769 2968 fugitivis

413 2984 656 3050 lucrare
702 2992 1012 3064 aeterna‘3
1060 2982 1165 3064 ,ad
1213 2991 1475 3050 aeterna
1512 2984 1758 3070 qaudia
1798 2984 2150 3068 pervenire‘
2198 2985 2385 3049 Pard.
2414 2985 2472 3062 2,
2520 2985 2636 3051 521
2672 3004 2767 3068 sq.

417 3084 500 3150 ab
542 3105 707 3152 anno
748 3085 873 3156 722
924 3103 1121 3168 usque
1190 3084 1273 3150 ad
1331 3106 1563 3152 annum
1617 3085 1740 3154 745
1797 3087 2087 3170 saepius;
2158 3086 2417 3171 ,qaudia
2477 3086 2770 3152 caelestis

410 3185 661 3270 patriae
715 3187 1119 3270 sempiterna‘
1174 3188 1343 3251 Mon.
1385 3188 1462 3252 H.
1506 3187 1575 3254 P.
1626 3187 1736 3254 Ch.
1785 3190 1843 3268 1,
1887 3188 1926 3252 5
1971 3207 2029 3250 a.
2073 3186 2224 3267 628,
2291 3187 2476 3268 ,intra
2532 3187 2767 3251 domini

408 3307 649 3372 magna
695 3289 941 3373 qaudia
982 3287 1094 3352 tui‘
1137 3287 1423 3371 Epistola
1464 3287 1774 3352 Hadriani
1820 3288 1870 3352 Ι.
1916 3288 2135 3372 Papae
2180 3287 2378 3370 Bouq.
2422 3288 2479 3369 5,
2523 3287 2647 3355 412
2691 3289 2768 3352 D.

409 3389 585 3454 Idem
653 3389 829 3466 locus
899 3410 978 3455 ex
1044 3387 1375 3470 evangelio
1440 3387 1745 3454 Matthaei
1803 3389 2158 3453 accuratius
2223 3388 2448 3454 citatur
2505 3388 2567 3453 in
2624 3388 2771 3454 Vita

413 3490 746 3557 Athanasii
794 3490 1079 3574 episcopi
1122 3487 1528 3572 Neapolitani
1572 3489 1801 3575 Seript.
1848 3489 2049 3574 Long.
2095 3489 2238 3572 439,
2282 3489 2393 3558 22:
2462 3490 2649 3572 ,intra
2705 3489 2769 3552 in

408 3590 715 3674 qaudium
757 3589 993 3656 domini
1041 3591 1171 3671 tui‘,
1239 3589 1343 3654 ubi
1402 3590 1721 3656 antecedit
1776 3593 1840 3656 in
1894 3589 2065 3656 linea
2108 3591 2218 3658 16:
2289 3595 2568 3670 ,aeterna
2613 3609 2772 3654 mer-

410 3710 595 3757 casse
638 3691 920 3756 maxima
959 3692 1241 3776 qaudia‘.
1326 3689 1397 3755 In
1444 3692 1679 3758 chartis
1725 3711 1884 3775 quas
1943 3691 2200 3774 collegit
2241 3692 2626 3771 Pardessus,
2691 3711 2769 3757 ex

398 3791 635 3874 quibus
680 3793 1007 3876 complura
1049 3791 1315 3876 pluralis
1367 3794 1663 3877 exempla
1719 3811 1914 3877 supra
1969 3792 2181 3874 attuli,
2250 3791 2590 3876 singularis
2647 3791 2768 3858 fre-

406 3899 673 3976 quenter
718 3892 797 3957 de
853 3891 1120 3956 diversis
1177 3892 1360 3956 huius
1414 3894 1652 3958 saeculi
1707 3894 1896 3959 rebus
1955 3894 2219 3976 legitur,
2284 3913 2410 3958 uno
2472 3893 2645 3974 loce,
2715 3891 2768 3958 si

331 4055 336 4060 ,
405 4000 577 4058 recte
619 3993 896 4071 memini,
938 3993 1008 4075 2,
1052 3995 1173 4060 344
1216 4013 1273 4058 a.
1317 3992 1441 4060 662
1485 3992 1564 4058 de
1597 3993 1833 4077 gaudio
1867 3995 2147 4060 caelesti.
2213 3993 2285 4059 In
2332 3993 2624 4062 Chronici
2654 3993 2768 4058 Sa-

404 4093 703 4158 lernitani
770 4095 979 4179 capite
1047 4095 1166 4162 117
1230 4095 1490 4180 ,qaudia
1549 4096 1796 4179 patriae
1855 4094 2193 4176 caelestis‘,
2264 4094 2383 4161 123
2447 4093 2772 4176 ,caelestia

403 4194 683 4278 qaudia‘,
742 4195 1107 4263 undevicies
1162 4197 1225 4260 in
1272 4194 1495 4261 eodem
1550 4195 1890 4277 ,gaudium‘
1934 4196 2014 4260 de
2072 4195 2259 4260 rebus
2317 4194 2766 4262 saecularibus.

413 4294 737 4378 ,paradysi
784 4297 1080 4379 perduxit
1122 4298 1202 4361 ad
1245 4286 1508 4382 paudia‘
1568 4315 1810 4370 versus⁸
1834 4296 2005 4361 Petri
2049 4295 2459 4362 Grammatici
2504 4303 2770 4362 exeunte

412 4397 665 4460 saeculo
707 4395 769 4464 8.
834 4395 1052 4481 scripti
1118 4398 1250 4466 Ser.
1296 4397 1497 4480 Long.
1544 4399 1643 4478 17,
1686 4398 1797 4478 283
1862 4397 1967 4480 ,ad
2029 4395 2473 4464 destruendam
2517 4396 2771 4480 generis

412 4493 668 4562 humani
730 4499 991 4584 qaudia‘
1058 4504 1126 4565 et
1190 4499 1359 4583 ,viva
1416 4497 1662 4586 qaudia
1723 4497 2050 4586 parad'ysi‘
2118 4499 2281 4564 inter
2345 4517 2414 4564 se
2476 4497 2772 4583 opposita
