3300 5042
1413 320 1826 390 ...15—

442 503 568 569 hac
622 522 693 568 re
749 502 1167 588 scripserunt,
1236 501 1390 567 mihi
1448 502 1980 572 commemorandi
2031 508 2192 571 sunt.
2277 503 2372 567 Ac
2413 507 2638 586 poetas
2683 499 2799 566 La-

439 605 610 697 tinos
653 609 716 668 et
760 603 826 667 in
871 601 1184 686 eligendis
1228 613 1291 666 et
1332 603 1395 666 in
1440 603 1840 670 declinandis
1884 604 2146 670 vocibus
2189 603 2564 688 saepissime
2597 601 2802 674 ‹hexa-

440 704 622 770 metri
703 704 953 786 legibus
1027 703 1249 768 ductos
1312 722 1453 770 esse
1518 705 1820 771 Koenius.
1896 705 2127 788 ,Ueber
2190 703 2292 769 die
2349 701 2634 788 Sprache
2689 702 2804 768 der

409 805 798 871 *romischen
878 803 1138 889 Epiker‘
1219 802 1615 888 (Monasterii
1689 805 1876 890 1840)
1956 804 2442 885 demonstravit,
2517 802 2624 867 ubi
2703 823 2802 889 ea,

444 926 607 988 quae
660 924 778 973 nos
835 907 1027 990 paulo
1085 904 1404 990 copiosius
1464 925 1885 990 exponemus,
1955 906 2230 972 breviter
2284 925 2434 990 pag.
2478 903 2560 972 57
2603 923 2694 987 sq.
2741 909 2807 969 et

449 1026 593 1091 pag.
643 1008 761 1074 105
828 1005 1055 1090 attigit.
1144 1003 1244 1070 of.
1312 1003 1501 1070 etiam
1571 1007 1881 1090 Draegeri
1948 1013 2292 1090 syntaxeos
2358 1006 2558 1091 partis
2601 1005 2632 1068 I
2690 1023 2802 1088 pa·

449 1108 801 1192 ragraphos
844 1106 1116 1192 primas,
1183 1105 1524 1190 praecipue
1567 1108 1626 1186 ἓ.
1671 1108 1711 1173 5
1757 1114 1820 1172 et
1860 1107 2170 1190 Hultgren
2213 1107 2278 1170 in
2323 1105 2615 1171 Fleckeis
2659 1123 2804 1168 ann.

444 1208 599 1293 phil.
648 1207 809 1275 1873
852 1227 1003 1292 pag.
1050 1207 1171 1274 745
1186 1207 1369 1290 -723
1416 1207 1495 1271 de
1540 1206 1765 1276 eodem
1810 1227 1929 1273 usu
1971 1206 2141 1291 apud
2163 1205 2480 1272 Tibullum
2517 1204 2576 1270 J.
2609 1205 2802 1270 Strei-

442 1308 675 1392 finger,
749 1308 845 1374 De
911 1307 1167 1391 'syntaxi
1234 1306 1488 1372 Tibulli.
1578 1306 1964 1390 (Wurzburg
2026 1307 2244 1388 1882),
2325 1301 2507 1372 Adde
2571 1306 2806 1389 Spitta,

445 1407 865 1485 Quaestiones
910 1408 1335 1492 Vergilianae.
1404 1406 1779 1492 (Gottingae
1821 1407 2014 1490 1867)
2073 1412 2136 1472 et
2177 1406 2518 1488 Riemann,
2565 1404 2802 1472 Etudes

448 1528 553 1574 sur
593 1509 660 1572 la
704 1507 937 1592 langue
981 1507 1060 1573 de
1104 1507 1178 1572 Τ.
1222 1506 1397 1573 Live.
1456 1506 1670 1592 (Paris
1715 1507 1927 1588 1879.)
1985 1510 2062 1574 41
2109 1527 2206 1590 sq.

607 1609 856 1692 Lingua
899 1607 1093 1692 igitur
1134 1607 1367 1672 Latina
1409 1607 1712 1691 plurimos
1756 1609 2091 1674 trochaeos
2137 1615 2199 1672 et
2240 1607 2518 1690 iambos,
2561 1623 2803 1692 paucos
2841 1615 2860 1634 ·

446 1708 732 1794 dactylos
774 1709 981 1793 poetis
1026 1707 1505 1793 suppeditabat,
1564 1728 1690 1791 quo
1736 1709 1971 1775 factum
2015 1715 2152 1791 est,
2186 1715 2254 1777 ut
2297 1709 2542 1792 priscus
2585 1708 2694 1773 ille
2741 1712 2804 1772 et

440 1809 773 1895 popularis
812 1828 1055 1891 versus,
1101 1810 1447 1876 saturnium
1493 1828 1680 1891 quem
1725 1829 2044 1886 vocamus,
2094 1830 2174 1876 ex
2201 1809 2430 1874 iambis
2464 1808 2803 1894 praecipue

442 1917 507 1976 et
545 1909 863 1975 trochaeis
908 1915 1246 1975 constaret.
1336 1909 1495 1974 Cum
1538 1917 1746 1980 autem
1793 1929 2039 1976 versum
2096 1909 2450 1992 heroicum,
2517 1910 2801 1974 Graecos

444 2010 745 2092 imitatus,
789 2009 1030 2076 Ennius
1073 2009 1256 2074 Latio
1299 2008 1589 2092 inferret,
1634 2029 2017 2094 quamquam
2061 2031 2262 2094 neque
2303 2009 2560 2093 ingenio
2605 2015 2666 2074 et
2698 2008 2802 2090 jn-

447 2111 609 2177 dicio
654 2112 945 2191 carebat,
987 2128 1193 2193 neque
1236 2129 1470 2194 operae
1511 2111 1850 2195 parcebat,
1891 2119 2104 2178 tamen
2148 2119 2214 2177 ut
2257 2110 2530 2177 molliter
2573 2115 2636 2174 et
2676 2109 2801 2174 ele·

448 2220 669 2296 gauter
710 2229 932 2278 versus
976 2209 1276 2276 caderent
1318 2210 1620 2294 perficere
1668 2231 1790 2277 non
1829 2213 2053 2298 potuit,
2097 2211 2211 2277 sed
2255 2211 2575 2277 annalium
2605 2210 2802 2275 libros

446 2313 798 2398 composuit
852 2310 1275 2396 spondeorum
1336 2312 1523 2397 eopia
1566 2313 1984 2380 abundantes.
2071 2313 2325 2391 Quanta
2365 2331 2518 2377 vero
2560 2310 2803 2377 temeri-

442 2419 605 2491 tate,
648 2419 717 2479 ut
758 2431 983 2480 versus
1024 2431 1173 2478 suos
1218 2412 1610 2495 absolveret,
1657 2433 1784 2479 non
1827 2433 1974 2480 raro
2016 2433 2273 2480 normas
2315 2414 2378 2478 in
2430 2414 2651 2496 lingua
2691 2430 2799 2477 va-

441 2516 644 2581 lentes
686 2513 1061 2596 neglexerit,
1106 2513 1261 2578 satis
1308 2521 1575 2579 constat.

608 2614 812 2696 Atque
856 2615 1260 2697 antiquorum
1302 2613 1557 2697 quidem
1600 2622 1952 2701 temporum
1993 2619 2258 2699 poetae,
2312 2612 2655 2680 Homerum
2701 2632 2798 2678 se-

441 2715 601 2796 cuti,
666 2713 991 2798 dactylum
1051 2715 1393 2800 praecipue
1448 2715 1511 2780 in
1570 2715 1790 2800 quinto
1842 2735 2064 2781 versus
2121 2713 2356 2780 heroici
2401 2715 2564 2799 pede
2607 2713 2798 2779 eollo-

444 2815 702 2892 cabant3
776 2814 1197 2899 posteriores,
1269 2816 1577 2901 imprimis
1638 2816 2012 2898 Ovidius,
2075 2815 2280 2901 primo
2343 2835 2590 2900 quoque
2657 2817 2798 2881 loco

447 2915 761 2998 dactylum
806 2915 1093 3001 spondeo
1148 2917 1665 3000 praeponebant,
1731 2924 1799 2983 ut
1865 2916 1964 2981 his
2029 2917 2224 2981 multo
2285 2916 2525 2999 majore
2579 2914 2798 2998 dacty-

450 3015 651 3079 lorum
704 3035 963 3082 numero
1021 3036 1182 3101 opus
1243 3028 1431 3084 esset.
1518 3018 1614 3083 De
1663 3016 1785 3082 hac
1827 3037 1895 3082 re
1935 3015 2053 3082 Th.
2101 3016 2263 3098 Birt,
2327 3015 2428 3081 Ad
2470 3015 2798 3082 historiam

448 3116 793 3183 hexametri
834 3117 1013 3182 latini
1058 3117 1369 3202 symbola.
1409 3117 1616 3200 (Bonn
1663 3117 1854 3201 1877)
1900 3124 1962 3182 et
2003 3116 2316 3201 Hultgren
2358 3119 2401 3182 l.
2447 3137 2498 3183 c.
2543 3135 2798 3183 accura-

442 3217 682 3284 tissime
726 3224 1007 3302 egerunt.
2579 3284 2585 3289 .

607 3318 753 3396 Qua
806 3325 1018 3387 autem
1068 3337 1135 3384 re
1190 3323 1420 3402 poetae
1473 3317 1868 3401 dactylorum
1922 3317 2141 3403 inopia
2180 3318 2546 3385 laborantes
2589 3316 2798 3399 magis

444 3423 737 3502 poterant
797 3419 1125 3504 adjuvari,
1198 3439 1388 3502 quam
1456 3417 1772 3484 neutris
1836 3419 2280 3503 pluraliter
2348 3419 2796 3503 usurpatis,

447 3517 669 3599 quibus
716 3527 825 3585 aut
866 3519 1027 3605 ipsis
1068 3518 1359 3604 dactylus
1404 3520 1826 3586 contineretur
1867 3525 2004 3601 aut,
2063 3519 2117 3584 si
2170 3519 2236 3582 in
2278 3517 2648 3584 trochaeum
2691 3537 2796 3583 ex-

442 3617 635 3702 irent,
700 3621 945 3706 optima
1001 3619 1257 3702 daretur
1310 3618 1551 3702 dactyli
1608 3618 1904 3705 explendi
1960 3620 2279 3686 facultas?
2365 3617 2562 3701 Quid,
2626 3617 2796 3700 quod

440 3719 787 3786 eorundem
842 3722 1295 3787 vocabulorum
1338 3740 1607 3804 magnus
1665 3739 1960 3785 numerus
2017 3721 2188 3786 velut
2241 3719 2565 3804 ,gaudium
2586 3766 2604 3801 ,
2663 3724 2793 3784 tae-

436 3820 631 3904 dium,
674 3821 1011 3904 silentium,
1052 3822 1423 3904 convicium,
1468 3820 1871 3903 convivium‘,
1917 3840 2080 3902 quae
2117 3828 2262 3885 ante
2292 3821 2796 3886 terminationem

436 3920 751 3987 haberent
792 3923 1179 4003 trochaeum,
1224 3928 1480 4008 praeter
1522 3920 1668 3986 illos
1713 3939 1901 3986 casus
1955 3921 2018 3985 in
2070 3928 2153 4003 ‚a‘
2210 3920 2602 4002 desinentes,
2669 3919 2793 3986 nisi

435 4022 694 4105 syllaba
736 4028 1060 4106 postrema
1102 4023 1279 4105 elisa,
1325 4021 1579 4088 omnino
1621 4021 1686 4085 in
1730 4021 2098 4087 hexametro
2141 4023 2347 4087 locum
2393 4021 2628 4086 habere
2670 4038 2796 4086 non

435 4123 782 4208 poterant?
864 4124 1212 4190 Elisionem
1254 4129 1499 4206 autem,
1555 4121 1930 4206 praesertim
1983 4122 2038 4186 si
2085 4121 2508 4187 terminationi
2551 4122 2795 4188 vocalis

440 4225 815 4304 antecessit,
880 4225 1186 4310 optimum
1228 4242 1536 4310 quemque
1578 4228 1838 4308 poetam
1878 4219 2144 4304 vitasse,
2188 4224 2290 4288 vel
2335 4223 2482 4288 inde
2525 4243 2793 4307 cognos-

444 4319 673 4407 cimus,
755 4325 923 4408 quod
996 4345 1076 4392 ea
1142 4325 1207 4391 in
1274 4325 1513 4392 neutris
1577 4324 1926 4409 pluralibus
1994 4341 2140 4387 raro
2205 4329 2435 4408 poetae
2491 4325 2590 4390 usi
2633 4330 2795 4388 sunt.

356 4450 363 4458 ·
446 4417 683 4487 Eodem
711 4425 1003 4510 pertinet,
1048 4425 1215 4511 quod
1256 4426 1539 4492 Koenius
1581 4445 1734 4512 pag.
1755 4425 1836 4492 75
1887 4431 2352 4559 commemorat,
2397 4424 2618 4490 eadem
2663 4444 2798 4490 sen·

2223 4526 2263 4588 2
