3300 5042
1415 311 1828 378 „43-

450 491 621 557 mula
678 491 979 558 solemnis
1040 491 1412 576 saepissime
1476 492 1778 578 repetitur
1843 491 1906 558 in
1959 491 2194 559 chartis
2249 492 2398 558 inde
2452 513 2492 558 a
2545 491 2801 558 saeeulo

450 597 660 670 sexto,
705 593 879 658 velut
920 590 1149 657 Marini
1196 591 1337 658 145.
1424 593 1718 677 Adjunge
1762 592 1860 658 his
1903 600 2254 677 tempora
2297 600 2359 659 et
2401 596 2591 677 otia,
2638 614 2800 677 quae

446 711 563 777 per
626 692 960 758 multorum
1029 710 1333 758 annorum
1387 694 1661 779 spatium
1730 699 1980 778 patent,
2049 693 2318 776 denique
2382 695 2678 780 qaudia
2739 701 2803 759 et

443 793 726 871 fortia,
768 810 1031 875 quorum
1068 792 1225 858 illud
1268 793 1473 879 primo
1517 793 1595 859 de
1640 793 1908 878 singulis
1950 794 2136 862 laetis
2169 794 2524 872 affectibus,
2566 795 2688 860 hoe
2721 795 2800 860 de

447 893 662 959 multis
706 893 893 958 rebus
936 892 1183 959 fortiter
1221 895 1420 978 gestis
1464 893 1700 960 dietum
1743 901 1857 960 est.

611 992 949 1059 Praeterea
994 994 1078 1059 ad
1121 1013 1321 1078 genus
1364 993 1732 1060 femininum
1789 995 1997 1061 medio
2043 1014 2202 1060 aevo
2245 994 2594 1079 vergebant
2633 1013 2796 1060 eom·

442 1092 635 1177 plura
675 1094 931 1158 nomina
971 1094 1327 1160 locorum
1368 1095 1879 1178 munitorum,
1943 1114 2206 1178 quorum
2264 1097 2463 1162 tutela
2512 1093 2800 1161 homines

426 1199 514 1258 “et
554 1213 595 1258 a
634 1199 1080 1280 tempestatum
1137 1195 1535 1261 vehementia
1592 1201 1656 1260 et
1713 1196 1793 1261 ab
1851 1196 2123 1262 hostium
2178 1194 2239 1261 vi
2281 1195 2800 1276 defendebantur,

447 1292 621 1359 velut
682 1295 974 1377 aedificia
987 1343 1005 1377 ,
1066 1295 1281 1360 clausa
1294 1345 1311 1378 ,
1376 1296 1656 1361 claustra
1670 1344 1688 1378 ,
1754 1295 2074 1379 coenobia,
2129 1299 2514 1362 mona-steria
2526 1343 2545 1379 ,
2599 1296 2801 1362 muni-

444 1395 643 1459 mina.
747 1395 929 1462 Adde
1002 1397 1303 1461 nonnulla
1363 1395 1677 1461 voeabula
1749 1398 2428 1480 vestimentorum,
2497 1397 2580 1462 ad
2636 1417 2798 1481 quae

446 1494 688 1576 ,vestis‘
741 1496 843 1560 vel
898 1495 1155 1578 ,tuniea‘
1209 1495 1737 1580 subaudiebatur,
1811 1499 1982 1564 velut
2046 1498 2242 1564 lintea
2312 1499 2504 1581 (Diez
2567 1499 2638 1564 E.
2699 1498 2798 1563 W.

448 1594 621 1676 191),
649 1596 893 1678 pallia,
958 1595 1227 1681 sabana,
1270 1617 1454 1683 sa9a3
1518 1598 1763 1663 cuculla
1806 1598 2154 1680 (eueullus)
2204 1600 2492 1665 Ambros.
2538 1599 2795 1665 Hieron.
2856 1658 2866 1670 .

448 1693 694 1760 Ennod.
758 1694 1048 1780 Epistola
1107 1698 1353 1782 Pelagii
1420 1717 1630 1783 papae
1694 1717 1753 1762 a.
1797 1698 1916 1765 751
1978 1699 2175 1782 Bouq.
2219 1699 2280 1779 4,
2321 1700 2402 1768 75
2444 1701 2500 1762 A
2556 1707 2672 1764 ete.
2732 1699 2798 1765 it.

447 1795 733 1877 ,eoeolla‘
778 1794 926 1862 fem.
971 1797 1256 1880 ,eoeollo‘
1299 1818 1527 1879 mase.;
1572 1798 2010 1878 calceamenta3
2050 1817 2230 1863 socca
2255 1798 2536 1884 (soeeus)
2563 1797 2800 1863 Charta

448 1915 510 1962 a.
554 1896 677 1964 855
721 1915 825 1981 ap.
871 1897 1071 1982 Cang.
1127 1899 1443 1966 sandalia.
1504 1898 1823 1965 ‘Terrae
1867 1917 2146 1983 quoque,
2205 1899 2438 1984 quippe
2481 1917 2644 1981 quae
2688 1899 2798 1964 ho·

447 1996 652 2061 mines
694 1995 950 2078 nutriat,
993 1999 1249 2064 nomina
1292 1999 1511 2082 generi
1553 1998 1857 2064 feminino
1900 1999 2110 2065 medio
2138 2019 2298 2065 aevo
2331 1999 2538 2083 magis
2567 1998 2800 2065 idonea

450 2102 650 2178 erant,
698 2096 871 2163 velut
913 2119 1087 2181 arva,
1120 2100 1365 2182 fienda,
1401 2101 1694 2185 praedia,
1734 2102 2076 2165 territoria.

612 2197 809 2264 Porro
837 2200 1157 2265 nomina
1193 2201 1511 2266 abstracta
1538 2200 1614 2265 in
1648 2220 1711 2283 ,o
1727 2204 1810 2280 r‘,
1853 2199 1920 2265 in
1950 2200 2171 2283 lingna
2196 2198 2585 2284 provinciali,
2628 2199 2796 2264 fran-

449 2299 787 2394 eogalljea,
829 2298 1045 2365 italica
1087 2300 1451 2367 femininum
1484 2320 1686 2384 genus
1729 2307 2202 2386 assumpserunt
2235 2299 2345 2384 (ef.
2371 2300 2800 2366 Darmesteter

452 2405 484 2466 1
531 2421 597 2485 p.
641 2398 763 2469 246
804 2400 961 2485 sq.)‚
1016 2401 1283 2486 primum
1338 2402 1489 2486 quia
1529 2403 1791 2468 virtutes
1848 2406 1910 2468 et
1958 2401 2112 2467 vitia
2155 2406 2218 2468 et
2261 2418 2425 2482 quae
2469 2407 2613 2466 sunt
2653 2400 2799 2467 huie

448 2501 669 2585 generi
716 2499 949 2566 similia
992 2520 1241 2587 semper
1285 2503 1572 2568 muliebri
1616 2503 1829 2586 speeie
1874 2503 2075 2586 aeeipi
2108 2502 2329 2582 solent,
2375 2500 2604 2566 deinde
2628 2502 2796 2585 quod

448 2620 714 2666 neeesse
770 2609 934 2684 erat,
1009 2609 1074 2667 ut
1126 2603 1239 2667 illa
1291 2622 1331 2666 a
1384 2603 1750 2668 masculinis
1806 2604 2126 2686 agentium
2182 2601 2571 2682 nominibus,
2629 2604 2800 2669 velut

444 2705 727 2784 ,aeteur‘‚
770 2721 932 2785 quae
968 2703 1189 2768 eodem
1222 2703 1409 2769 modo
1443 2703 1716 2786 exibant,
1761 2703 1950 2788 plane
1981 2701 2530 2786 distinguerentur.
2594 2703 2796 2786 Atque

446 2802 513 2867 in
555 2800 894 2868 Latinitate
939 2821 1260 2888 perpauca
1305 2804 1513 2869 inveni
1554 2804 1690 2869 eius
1738 2802 2205 2870 consuetudinis
2239 2801 2532 2885 vestigia.
2595 2801 2796 2885 ,Quae

451 2901 755 2966 humoree‘
798 2902 1047 2969 Oribas.
1094 2906 1193 2970 11.
1241 2904 1336 2985 12,
1382 2902 1579 2968 frane.
1625 2902 1929 2984 ,humeur‘
1971 2904 2112 2970 fem.
2157 2901 2464 2986 ,qualibet
2502 2903 2796 2968 laborem‘

462 3001 601 3085 (pro
642 3003 1209 3086 ,qualibetlabore‘
1250 3009 1358 3069 aut
1383 3004 1748 3087 ,quamlibet
1772 3005 2132 3088 laborem‘),
2173 3002 2375 3086 ,labor
2419 3003 2638 3068 elausa
2680 3006 2796 3068 est‘

459 3099 586 3167 Lex
642 3103 876 3170 Saliea.
950 3123 1213 3183 ,summa
1242 3173 1247 3179 ,
1275 3103 1525 3169 honore‘
1589 3104 1724 3169 Lex
1749 3172 1755 3176 ,
1780 3106 1958 3172 Rom.
2023 3104 2192 3170 Utin.
2236 3103 2338 3185 25,
2393 3103 2494 3174 28.
2591 3104 2797 3186 Atque

450 3201 696 3283 ‚bonor‘
756 3203 1196 3288 Franeogallis
1262 3202 1627 3269 femininum
1697 3212 1833 3271 erat
1897 3223 2096 3287 usque
2162 3203 2244 3268 ad
2299 3203 2620 3269 saeculum
2675 3205 2795 3288 14„

449 3302 685 3369 deinde'
726 3303 1047 3371 hominum
1089 3304 1412 3370 doctorum
1455 3305 1826 3371 auctoritate
1869 3303 2174 3388 paulatim
2228 3304 2390 3369 inter
2448 3303 2800 3370 masculina,

451 3404 751 3487 relatum,
812 3404 893 3470 ef.
939 3404 1157 3470 Littre.
1245 3403 1511 3487 ‚Labor‘,
1578 3405 1745 3488 quod
1803 3411 2056 3489 praeter
2107 3404 2173 3469 id
2197 3404 2386 3488 quod
2428 3410 2526 3470 est
2566 3404 2795 3483 ,arbor‘

450 3504 656 3568 solum
680 3524 894 3570 eorum
921 3505 1367 3572 vocabulorum
1393 3506 1456 3569 in
1482 3507 1615 3587 ,or‘‚
1660 3524 1823 3588 quae
1844 3503 2169 3570 Romaniei
2202 3508 2593 3589 receperunt,
2634 3504 2798 3570 inter
2861 3535 2870 3545 ·

450 3602 715 3670 virtutes
758 3604 1039 3689 vitiaque
1083 3610 1145 3672 et
1187 3604 1267 3670 iis
1311 3604 1545 3671 similia
1585 3605 1807 3672 referri
1849 3624 1975 3671 non
2015 3611 2254 3690 potest,
2296 3605 2362 3671 in
2406 3624 2521 3671 suo
2563 3625 2797 3689 genere

449 3705 816 3789 permansit.

615 3803 1089 3888 Significatione
1154 3812 1397 3887 autem,
1480 3825 1607 3872 non
1691 3805 1898 3871 forma
1978 3806 2144 3872 hane
2205 3804 2460 3890 generis
2525 3823 2795 3872 eommu-

448 3904 753 3972 tationem
820 3906 1107 3973 effectam
1174 3925 1313 3971 esse
1379 3912 1679 3991 apparet3
1753 3925 1900 3971 nam
1965 3905 2185 3988 arbor,
2253 3904 2420 3989 quod
2483 3923 2671 3970 unum
2730 3905 2796 3969 in

448 4004 667 4092 prisea
704 4005 926 4090 lingua
964 4007 1194 4073 Latina
1232 4007 1596 4073 femininum
1640 4010 1794 4089 erat,
1840 4007 2255 4072 masculinum
2297 4006 2531 4071 factum
2575 4012 2690 4088 est,
2735 4012 2799 4071 et

450 4105 694 4189 ‚labor‘,
738 4107 906 4190 quod
948 4107 1165 4193 generi
1208 4106 1506 4174 feminino
1548 4107 1802 4172 ineunte
1827 4106 2037 4173 medio
2063 4125 2222 4173 aevo
2253 4106 2795 4192 appropinquasse

451 4207 753 4292 vidimus,
829 4209 895 4273 in
968 4228 1082 4274 suo
1159 4209 1362 4275 solum
1435 4226 1670 4291 genere
1745 4207 2106 4291 permansit.
2210 4206 2520 4273 Laborem
2587 4212 2795 4273 autem

452 4309 801 4375 masculino
842 4307 1061 4393 generi
1102 4308 1376 4375 maxime
1421 4327 1561 4375 esse
1605 4307 1920 4391 idoneum,
1964 4308 2102 4392 quis
2128 4313 2226 4373 est
2248 4308 2398 4391 quin
2420 4307 2796 4392 intellegat?

454 4410 714 4477 Summa
776 4411 940 4477 enim
1011 4409 1345 4477 severitate
1406 4408 1765 4477 hominibus
1833 4409 2014 4494 quasi
2073 4429 2187 4475 rex
2238 4408 2525 4495 imperat.
2610 4408 2795 4488 Quod
