3300 5042
1611 353 2022 421 ...36-

810 534 1049 601 Eodem
1103 534 1295 601 modo
1348 535 1428 602 de
1478 532 1836 601 hominibus
1900 534 2070 601 dicta
2111 533 2369 601 nomina
2409 534 2696 600 verbalia
2731 533 2799 598 in
2842 535 2988 614 ,sor‘

648 641 710 702 et
753 639 891 718 ,tor‘
939 654 1053 719 per
1093 635 1289 700 multa
1331 637 1590 702 saecula
1633 637 1938 721 epicoena
1979 642 2124 701 sunt
2163 640 2487 720 usurpata,
2527 641 2754 719 postea
2785 641 2854 700 ut
2879 656 2987 719 ge-

646 756 763 801 nus
805 735 1108 802 muliebre
1176 737 1345 801 clare
1405 736 1924 821 distingueretur,
1985 734 2300 802 vocabula
2350 736 2415 801 in
2461 736 2628 814 ‚trix‘
2668 734 2845 816 ficta,
2907 737 2987 802 ef.

642 837 821 903 Neue
861 836 985 905 606
1028 843 1089 902 et
1130 835 1268 904 607.

809 937 1026 1002 Pauca
1096 943 1393 1003 neutra
1466 936 1725 1015 Latina,
1809 935 1904 1002 de
1977 935 2417 1002 hominibus
2487 938 2613 1003 vel
2687 937 2992 1004 bestiis

644 1036 898 1120 dicta,
965 1041 1191 1122 postea
1246 1037 1321 1102 in
1364 1037 1816 1104 masculina
1857 1043 1932 1102 et
1974 1036 2354 1103 feminina
2395 1042 2786 1122 separata
2827 1042 2991 1103 sunt.

644 1138 752 1205 Sic
776 1158 857 1203 ex
888 1139 1369 1223 mancipium
1414 1137 1806 1224 ‚mancipius‘
1850 1137 1912 1201 in
1937 1136 2140 1222 Capit.
2175 1158 2228 1204 c.
2257 1157 2315 1204 a.
2341 1138 2480 1216 570,
2525 1139 2883 1224 ‚mancipia‘
2925 1140 2991 1205 in

643 1239 991 1321 Praecepto
1035 1257 1094 1303 a.
1119 1239 1261 1318 856,
1304 1259 1385 1304 ex
1415 1239 1855 1322 jumentum
1897 1239 2220 1323 ,jumenta‘
2262 1238 2328 1303 in
2351 1239 2516 1304 Itala
2561 1239 2662 1320 (fr.
2706 1241 2988 1326 ,jument‘

644 1341 819 1422 fem.)
860 1347 940 1422 et,
963 1338 1307 1425 jumentus‘
1348 1341 1521 1406 facta
1543 1346 1717 1421 sunt3
1764 1338 2251 1422 animadvertas,
2299 1359 2538 1423 servos,
2580 1360 2737 1425 quos
2758 1340 2987 1427 Latini,

643 1441 823 1526 quasi
865 1440 1152 1507 homines
1193 1460 1317 1505 non
1350 1449 1581 1523 essent,
1626 1447 1847 1508 neutro
1873 1459 2116 1524 genere*
2146 1441 2659 1524 designaverunt,
2695 1442 2832 1526 jam
2873 1444 2987 1508 ini·

645 1543 735 1609 tio
778 1542 968 1607 medii
1012 1541 1153 1607 aevi
1196 1561 1311 1607 suo
1357 1561 1666 1625 quemque
1709 1562 1941 1626 genere
1986 1561 2128 1607 esse
2169 1542 2545 1626 appellatos.

813 1642 1147 1727 Conjungo
1192 1662 1331 1708 cum
1374 1643 1475 1709 his
1520 1643 1682 1727 alia,
1742 1661 1904 1728 quae
1960 1642 2049 1708 de
2102 1643 2288 1731 certis
2330 1643 2702 1726 personis
2746 1643 2988 1727 dicta,

644 1755 785 1810 cum
829 1743 1297 1828 significatione
1341 1743 1596 1810 diversa
1651 1763 1904 1829 genus
1959 1745 2566 1828 grammaticum
2631 1749 2986 1813 naturali

643 1843 1149 1930 respondens
1204 1852 1597 1929 acceperunt.
1684 1845 1872 1911 Velut
1921 1843 2277 1911 futatus
2327 1845 2408 1911 de
2450 1845 2667 1912 Parcis
2712 1846 2779 1912 C.
2822 1847 2882 1913 J.
2926 1848 2986 1930 5,

640 1945 823 2014 4209.
866 1944 1067 2026 5799,
1124 1947 1503 2030 plaustra
1560 1946 1639 2012 de
1675 1947 1865 2012 Arcto
1909 1946 2056 2010 fem.
2099 1966 2203 2031 ap.
2247 1945 2465 2011 Sidon.
2511 1966 2702 2012 carm.
2745 1947 2806 2029 5,
2847 1947 2991 2018 282.

642 2045 723 2112 de
768 2045 1159 2130 ‚prostibula‘
1204 2054 1269 2110 et
1309 2051 1559 2128 ,scorta‘
1609 2048 1690 2113 cf.
1736 2047 1923 2113 indic.
1973 2067 2025 2110 s.
2048 2067 2108 2112 v.
2165 2047 2406 2114 Eodem
2439 2045 2628 2113 modo
2650 2066 2858 2131 pauca
2882 2050 2989 2114 ab·

643 2152 899 2231 stracta,
946 2146 1029 2211 ad
1073 2145 1361 2213 homines
1401 2148 1739 2230 translata,
1780 2147 1946 2213 virili
1991 2154 2136 2212 sunt
2174 2167 2409 2230 genere
2451 2155 2774 2234 usurpata.
2834 2150 2987 2214 bar·

644 2248 778 2314 bas
820 2247 898 2314 de
940 2253 1169 2334 patruo
1214 2248 1423 2314 Gloss.
1467 2247 1667 2331 Long.
1709 2247 1917 2331 (770),
1963 2247 2205 2328 ,barba‘
2245 2247 2330 2311 M.
2375 2248 2454 2314 Η.
2497 2248 2567 2313 Ρ.
2611 2247 2724 2313 Ch.
2769 2251 2830 2328 1,
2869 2249 2988 2317 269

642 2369 701 2414 a.
731 2348 855 2416 984
883 2355 999 2414 eto.
1045 2348 1406 2429 ,barbanus‘
1440 2369 1635 2434 saepe
1662 2348 1893 2416 Chron.
1923 2348 2119 2416 Andr.
2148 2348 2439 2432 Bergam.
2484 2348 2617 2414 Lex
2639 2349 2824 2414 Roth.
2853 2349 2974 2418 164.

642 2451 707 2515 in
751 2449 963 2534 prisca
1020 2449 1244 2532 lingua
1285 2450 1768 2534 Francogallica
1825 2456 1888 2515 et
1947 2449 2010 2513 in
2071 2449 2290 2533 lingua
2344 2449 2652 2516 Rhaetica
2705 2449 2976 2517 Curiensi

643 2551 904 2633 ,barbe‘‚
950 2550 1032 2616 cf.
1077 2549 1234 2615 Diez
1275 2551 1346 2615 E.
1393 2551 1490 2617 W.
1536 2551 1692 2632 355;
1738 2558 2131 2636 potestaS,
2176 2550 2242 2615 it.
2287 2550 2597 2634 ‚podesta‘
2641 2551 2720 2617 de
2754 2551 2986 2636 judice,

646 2649 935 2716 similiter
975 2650 1040 2715 in
1083 2651 1303 2735 lingua
1343 2672 1521 2736 prov.
1608 2651 1790 2716 Adde
1830 2658 2106 2736 qentes
2145 2651 2226 2717 de
2267 2652 2540 2736 paganis
2583 2671 2777 2718 masc.
2824 2652 2993 2736 apud

645 2749 971 2818 Commod.
1030 2752 1200 2836 apol.
1244 2752 1386 2818 345.
1449 2752 1591 2831 679,
1659 2754 1865 2835 ‚gens‘
1907 2752 2071 2835 sing.
2115 2754 2193 2816 de
2249 2771 2374 2817 uno
2430 2751 2683 2817 homine
2735 2772 2993 2836 pagano

644 2851 815 2935 apud
881 2851 1144 2918 eundem
1204 2853 1379 2918 instr.
1424 2856 1484 2934 1,
1526 2853 1627 2934 26,
1679 2853 1780 2920 24.
1868 2853 2106 2917 Eadem
2165 2852 2244 2918 de
2308 2871 2502 2918 causa
2553 2855 2995 2938 proqcm’us

642 2972 839 3019 masc.
907 2952 1164 3019 exhibet
1222 2952 1461 3038 Sulpic.
1521 2953 1738 3019 Sever.
1803 2951 2018 3018 chron.
2063 2956 2119 3030 1,
2181 2953 2243 3031 2,
2306 2955 2365 3036 8,
2432 2953 2743 3021 soboles
2793 2974 2996 3020 masc.

643 3053 967 3119 Commod.
1010 3054 1176 3137 apol.
1219 3053 1360 3121 422.
1404 3054 1545 3122 718.

806 3153 936 3218 Sed
980 3153 1356 3220 accedamus
1398 3155 1481 3220 ad
1522 3151 1610 3237 id,
1650 3154 1820 3238 quod
1845 3153 2087 3220 Pettius
2118 3155 2182 3220 in
2207 3154 2452 3220 Erschii
2481 3162 2545 3220 et
2576 3154 2843 3221 Grnberi
2886 3174 2993 3220 en-

646 3251 1063 3338 cyclopaedia
1106 3258 1165 3337 1,
1211 3255 1292 3323 62
1332 3277 1395 3340 p.
1425 3255 1545 3323 399
1590 3274 1683 3338 sq.
1727 3255 1952 3321 summi
1995 3256 2084 3320 ait
2128 3274 2273 3320 esso
2315 3257 2610 3323 momenti
2653 3256 2717 3320 in
2758 3274 2993 3340 genere

646 3354 1138 3437 considerando,
1202 3362 1269 3421 ut
1310 3356 1375 3420 in
1417 3355 1706 3439 singulas
1749 3355 2437 3422 substantivorum
2481 3358 2797 3422 classes
2841 3354 2990 3438 sig-

645 3455 1131 3521 nificatione
1193 3456 1597 3522 distantes
1665 3449 2070 3540 inquiramus,
2155 3457 2360 3540 Atque
2427 3475 2503 3522 eo
2560 3456 2810 3522 facilius
2853 3456 2993 3539 jam

646 3555 815 3640 apud
876 3556 1121 3641 priscos
1186 3556 1443 3622 Latinos
1485 3556 1787 3622 nonnulla
1830 3557 2075 3622 urbium
2118 3564 2180 3622 et
2219 3557 2520 3640 montium
2563 3557 2838 3638 nomina,
2879 3577 2992 3642 po-

648 3662 786 3722 stea
828 3657 1025 3723 multa
1068 3656 1457 3740 appellativa
1500 3657 1557 3722 ei
1606 3657 1859 3740 generi,
1903 3676 2026 3740 quo
2069 3657 2273 3741 major
2317 3676 2612 3723 numerus
2656 3656 2991 3724 vocabulo·

646 3777 783 3822 rum
828 3757 1033 3822 eidem
1078 3755 1270 3822 classi
1315 3757 1750 3823 attributorum
1795 3758 2244 3842 usurpabatur,
2311 3757 2789 3826 accommodata
2831 3763 2994 3836 sunt,

647 3858 797 3941 quia
838 3877 1027 3924 voces
1071 3856 1436 3941 generaleS,
1496 3858 1668 3923 velut
1706 3858 1912 3941 ,urbs,
1975 3878 2187 3941 mons,
2232 3859 2452 3939 arbor,
2518 3858 2737 3924 herba‘
2799 3875 3006 3941 saepe·

648 3965 710 4023 et
752 3957 1148 4023 addebantur
1212 3965 1275 4022 et
1315 3958 1870 4024 subaudiebantur.
1956 3958 2064 4024 Sic
2106 3959 2304 4024 multa
2344 3959 2650 4024 urbium
2717 3958 2992 4038 nomina,

647 4059 987 4143 praecipue
1032 4058 1281 4124 Graeca
1322 4078 1357 4124 e
1400 4059 1702 4124 neutris
1747 4058 2136 4124 feminina
2175 4059 2348 4124 facta
2390 4066 2552 4138 sunt,
2595 4058 2676 4124 cf.
2721 4077 2885 4141 quae
2924 4057 2994 4122 in

645 4158 854 4224 indice
898 4159 1285 4242 collegimus.
1372 4160 1768 4241 Quamquam
1812 4159 2282 4226 concedendum
2329 4165 2454 4240 est,
2501 4159 2826 4243 complura
2868 4177 2992 4222 ur-

648 4259 856 4325 bium
898 4259 1155 4326 nomina
1198 4259 1500 4324 feminina
1542 4260 1605 4324 in
1649 4263 1779 4343 ,us‘
1826 4261 2142 4326 secundae
2186 4259 2624 4326 declinationis
2665 4279 2706 4325 a
2731 4259 2996 4343 Latinis,

648 4359 874 4441 quibus
919 4360 1053 4426 eius
1097 4360 1301 4426 exitus
1344 4360 1706 4442 muliebria,
1765 4380 1806 4426 a
1848 4361 2210 4426 masculinis
2274 4361 2485 4444 specie
2541 4379 2668 4426 non
2721 4359 3001 4443 diversa,

648 4458 1071 4554 displicebant
1113 4461 1222 4545 (cf.
1267 4479 1331 4553 p,
1373 4461 1504 4550 32),
1549 4460 1631 4531 ad
1677 4467 2028 4532 neutrum
2071 4481 2272 4546 genus
2316 4480 2456 4535 esse
2499 4461 2764 4545 detorta,
2808 4461 3004 4555 quasi
